3288 5424
124 549 239 630 aeque
259 545 535 629 reprehensorum
557 566 607 610 me
637 563 830 630 quemqnam
859 565 929 612 esse
958 545 1090 630 opinor,
1124 544 1211 628 qnod
1240 544 1370 610 nomina

128 669 395 752 paetermiserim
429 669 621 752 scriptorum
655 668 801 743 illorum,
836 669 890 753 qni
924 667 963 732 de
997 667 1091 732 rebus
1124 667 1370 751 municipalibus

123 792 415 876 Neapolitanorum
438 791 536 856 libros
558 792 834 875 conscripserunt,
864 811 1000 875 quorum
1030 797 1234 854 monumenta
1263 790 1370 854 omnia

122 936 212 978 anuo
234 914 324 998 apud
350 914 593 978 Mommseninm
616 915 781 998 leguntur,
815 914 973 978 neminem
995 913 1207 996 negligentiae
1229 913 1370 976 accusari

121 1039 249 1113 amens,
285 1038 346 1120 qui
367 1037 537 1100 Gruterum
566 1044 598 1100 et
619 1037 827 1100 Muratorium
856 1055 951 1120 quam
974 1034 1079 1098 lentes
1100 1035 1217 1100 borum
1237 1035 1368 1098 laudare

124 1161 288 1224 maluerit.
333 1159 411 1222 lllos
433 1159 529 1242 igitur
550 1168 617 1224 tum
640 1160 744 1222 solum
766 1159 944 1232 nominari,
968 1179 1066 1243 quum
1088 1165 1144 1221 ant
1160 1156 1201 1220 ad
1216 1157 1371 1240 interpre-

124 1283 279 1346 tationem
304 1281 502 1346 monnmenti
524 1281 645 1366 aliquid
668 1281 882 1355 contulerant,
912 1287 968 1344 ant
988 1280 1084 1346 lectio
1107 1299 1221 1344 eornm
1239 1298 1259 1342 a
1280 1286 1370 1344 textu

125 1405 383 1470 lcmmseoiano
406 1405 451 1468 ita
479 1405 661 1479 differebat,
693 1413 730 1467 ut
759 1423 816 1488 pro
845 1409 932 1470 certo
965 1402 1130 1466 diiudicari
1160 1421 1226 1466 non
1252 1409 1370 1486 posset,

128 1547 210 1613 quae
230 1547 311 1592 vera
334 1525 430 1590 lectio
453 1535 547 1592 esset.
570 1559 612 1574 -·
633 1527 775 1591 Eandem
798 1545 892 1610 porro
921 1526 1025 1608 legem
1055 1523 1251 1588 adducendis
1274 1524 1370 1590 variis

126 1650 319 1716 lectionibus
343 1649 451 1732 posui,
474 1669 555 1732 qnae
577 1649 704 1713 silentio
727 1649 940 1732 praetermisi,
967 1648 1094 1731 quoties
1116 1649 1184 1710 sive
1205 1647 1274 1730 ipse
1296 1647 1370 1710 titu-

127 1773 193 1838 lum
216 1772 326 1835 denuo
355 1771 528 1853 exscripsi,
547 1772 627 1834 'sive
649 1792 668 1834 a
690 1779 771 1834 teste
801 1769 941 1854 quodam
967 1767 1030 1834 lide
1059 1769 1156 1853 digno
1186 1769 1368 1852 exemplum

129 1897 198 1958 eins
221 1894 426 1960 emendatum
450 1871 571 1976 accepi.¹
605 1892 749 1956 Ceterum
773 1893 843 1976 ipsa
864 1901 977 1956 natura
999 1893 1071 1956 libri
1093 1911 1177 1956 nova
1198 1892 1369 1976 praecipue

129 2017 324 2082 dommenta
347 2015 505 2100 complexi
528 2036 566 2078 ea
588 2022 653 2092 est,
680 2016 840 2080 utrarios
863 2017 969 2080 variae
991 2016 1145 2080 lectiones
1168 2013 1368 2078 exhibendae

130 2141 269 2204 sint-
292 2141 329 2202 ln
351 2137 610 2203 adnotationibus
638 2139 793 2202 rationem
817 2139 930 2202 Orellii
961 2157 1020 2221 ego
1052 2157 1182 2222 qnoque
1210 2136 1369 2220 adoptavi.

214 2261 341 2325 Indices
364 2261 504 2345 deniqne
524 2281 621 2344 quum
637 2262 669 2324 in
685 2261 767 2324 libro
783 2261 946 2328 Orelliano
960 2281 1074 2344 magna
1089 2280 1161 2324 cnm
1176 2260 1370 2342 negligentia

130 2387 336 2469 conscriptos
359 2405 431 2448 esse
455 2385 652 2468 experientia
673 2403 769 2467 saepe
791 2381 924 2446 edoctus
947 2403 1066 2458 essem,
1097 2383 1264 2446 molestum
1287 2381 1370 2446 ultra

127 2509 263 2572 nodum
292 2516 326 2570 et
357 2507 542 2571 diuturnum
576 2507 718 2570 lahorem
750 2506 896 2588 suscepi,
928 2513 964 2568 nt
993 2505 1084 2568 novis
1116 2504 1176 2568 tria
1208 2505 1369 2570 volumina

126 2631 289 2696 indicibus
310 2631 510 2694 instruerem.
554 2632 591 2692 ln
614 2631 730 2714 quibus
752 2628 960 2693 conficiendis
982 2629 1146 2712 egregium
1169 2629 1369 2692 Mommsenii

126 2757 159 2817 ia
175 2753 443 2838 Inscriptionibus
459 2754 557 2836 Regni
573 2753 774 2836 Neapolitani
798 2752 980 2836 exemplum
1001 2753 1045 2816 ita
1065 2760 1193 2815 secutus
1215 2772 1302 2824 snm,
1324 2759 1368 2828 ut,

128 2896 214 2961 quac
241 2875 368 2938 indoles
397 2873 521 2939 diversa
549 2876 620 2940 libri
648 2876 710 2938 mei
739 2876 938 2958 postulabat,
966 2876 1179 2951 immutarem,
1208 2875 1369 2950 adderem,

127 3001 321 3062 omitterem.
371 2997 411 3060 Et
440 2997 532 3062 omisi
560 2998 689 3082 quidem
722 2997 844 3061 indices
877 2997 1042 3062 nominum
1073 3004 1105 3061 et
1133 2999 1368 3081 cognominum,

128 3121 249 3204 quibus
271 3117 389 3184 librum
411 3140 514 3184 meum
537 3123 640 3184 minus
663 3139 756 3204 egere
785 3119 869 3184 clare
898 3127 1047 3203 apparet;
1079 3139 1152 3183 nam
1178 3107 1369 3203 p‘raecipnns

130 3263 241 3308 mrum
264 3263 341 3305 usus
366 3242 393 3304 is
416 3251 480 3316 est,
503 3249 538 3304 ut
554 3244 586 3306 in
603 3246 725 3326 magnis
740 3245 980 3326 inscriptionum
996 3241 1237 3306 collectionibus
1252 3241 1369 3325 singuli

129 3365 217 3429 tituli
240 3363 367 3430 lacibus
388 3367 520 3448 reperiri
542 3366 677 3448 possint.
721 3367 810 3449 Opus
839 3373 945 3428 antem
968 3365 1161 3430 Orelliannm
1186 3384 1301 3446 quum,
1334 3372 1370 3427 ut

129 3497 225 3550 amma
249 3487 332 3562 dixi,
360 3507 424 3552 non
446 3489 606 3552 tamartis
629 3489 866 3572 epigraphicae,
896 3507 991 3571 quam
1013 3488 1233 3571 antiquitatum
1256 3488 1369 3550 Roma·

1 3621 2 3628 ’
130 3629 246 3672 narum
280 3608 431 3672 studiosis
462 3609 652 3674 destinatum
683 3613 739 3685 sit,
773 3631 878 3674 rernm
910 3609 1068 3674 indicibus
1102 3629 1198 3692 quam
1232 3610 1369 3674 maxime

130 3732 287 3795 armands
309 3730 466 3814 indigere,
497 3733 659 3797 nominum
688 3751 764 3796 vero
786 3732 892 3796 indice
914 3751 1022 3796 carere
1044 3751 1139 3815 posse
1161 3733 1368 3794 concesseris.

129 3857 246 3938 Neque
279 3852 312 3916 in
345 3853 451 3916 indice
481 3854 691 3938 geographico
726 3854 921 3918 luculentum
953 3854 1154 3918 Mommsenii
1188 3855 1368 3936 exemplum

131 3977 274 4040 imitatus
298 3997 377 4040 sum.
423 3975 574 4052 Quamvis
597 3977 682 4038 enirn
705 3977 859 4051 indicem,
883 3977 1011 4060 qualem
1032 3977 1260 4040 Mommsenins
1284 3996 1369 4040 com·

1 4127 2 4130 ¹
130 4101 257 4183 posuit,
293 4099 499 4162 utilissimum
529 4099 698 4162 lectoribus
729 4119 800 4162 esse
830 4118 890 4181 ego
922 4106 1005 4162 certe
1034 4098 1171 4162 libenter
1191 4119 1369 4182 agnoscam,

131 4223 259 4286 diversa
282 4231 387 4286 tamen
412 4241 542 4304 operum
565 4222 807 4286 Mommseuiani
831 4229 862 4284 et
884 4221 1037 4284 Orelliani
1060 4221 1247 4286 condicione
1271 4221 1369 4285 effici-

132 4355 200 4420 mr,
221 4353 257 4409 ut
276 4344 365 4407 illius
379 4343 461 4406 ratio
476 4341 551 4406 huic
566 4363 675 4428 parum
690 4344 859 4406 convenire
874 4341 1033 4419 ridentum
1056 4362 1128 4406 nam
1143 4345 1369 4414 Mommsenius

132 4487 230 4554 gnum
253 4469 417 4532 civitatum
433 4466 613 4529 nominibus
632 4467 846 4549 magistratus,
870 4464 1063 4540 sacerdotia,
1087 4476 1190 4530 cetera
1206 4465 1368 4542 notabilia,

131 4611 348 4676 quaecunque
362 4591 394 4654 in
410 4590 624 4654 monumentis
640 4588 851 4672 epigraphicis
867 4590 1084 4674 reperiuntur,
1101 4589 1257 4670 adiungit,
1277 4589 1369 4673 quasi

1 4721 2 4743 ¹
131 4715 300 4799 perlectam
327 4712 488 4797 quandam
509 4711 705 4794 singularum
733 4710 895 4774 civitatum
923 4711 1093 4796 imaginem
1122 4710 1214 4774 nobis
1243 4729 1369 4794 reproa-
