3288 5424
144 570 353 653 exscripserat
381 568 433 631 vel
463 586 481 630 e
511 567 599 630 libris
628 573 845 652 excerpserat,
878 583 1001 628 summa
1031 583 1154 626 mecum
1185 561 1374 626 liberalitate

143 693 374 756 communicare
396 690 534 765 solebat,
557 690 600 754 lta
622 697 732 774 postea
754 707 835 772 quas
857 707 956 750 noras
979 685 1191 769 undecunque
1213 691 1375 770 praestan·

139 818 231 878 tiores
252 813 484 897 inscriptiones
506 820 687 896 acceperat,
721 811 895 893 descriptas
923 809 1001 872 mibi
1030 809 1135 871 statim
1157 806 1375 878 transmiserit,

138 959 235 1020 qnare
264 939 293 1001 si
322 958 389 1001 non
417 938 460 1002 ita
488 938 605 1000 multos
634 935 742 999 titulos
771 935 925 996 memoria
957 931 1115 1014 digniores
1145 931 1178 992 in
1202 931 1281 992 libro
1305 947 1376 992 meo

139 1061 317 1124 desiderari
341 1059 550 1133 indicaveris,
573 1058 605 1120 id
628 1077 742 1140 magna
758 1063 903 1139 exparte
918 1053 1128 1117 Mommsenio
1142 1054 1221 1115 scias
1237 1052 1378 1114 tribuen-

138 1181 213 1246 dam
235 1203 319 1246 esse.
366 1182 438 1264 lpse
461 1189 640 1264 praeterea,
667 1199 764 1264 quum
788 1197 870 1242 auno
893 1172 970 1238 luet
998 1174 1135 1238 berolini
1158 1192 1378 1249 commorarer,

136 1307 169 1366 in
188 1305 387 1368 bibliotheca
408 1304 494 1383 regia
517 1321 557 1366 ex
578 1302 685 1365 multis
701 1300 897 1375 recentibus,
920 1319 1000 1383 qnos
1016 1301 1135 1362 Romae
1152 1295 1263 1360 &esee
1280 1315 1376 1362 nore-

137 1447 219 1501 ram,
241 1426 350 1500 libris,
373 1425 644 1509 ephemeridibus,
660 1423 846 1488 societatum
862 1422 941 1489 actis
955 1429 1158 1485 monumenta
1173 1419 1378 1504 epigrapbiea

137 1547 309 1631 diligenter
331 1550 484 1630 excerpsi.

224 1670 376 1734 Collectis
398 1689 473 1733 vero
496 1670 587 1733 novis
609 1668 868 1753 inscriptionibus
900 1677 1020 1751 partem
1049 1673 1171 1730 tantum
1200 1665 1305 1748 operis
1326 1681 1378 1728 me

137 1795 313 1880 perfecisse
336 1791 474 1856 credidi:
508 1793 764 1880 restabat-altera
786 1812 877 1875 pars,
907 1797 945 1852 ut
966 1790 1076 1853 titulos
1099 1788 1137 1850 ab
1160 1787 1282 1851 Orellio
1304 1807 1378 1868 pro-

137 1918 262 2002 positos
284 1915 516 1988 examinarem,
544 1915 578 1978 iu
601 1915 813 1978 sinceritatem
836 1913 1048 1996 inquirerem,
1082 1930 1188 1973 veram
1211 1909 1377 1973 lectionem

138 2039 380 2120 investigarem,
415 2035 635 2101 adnotationes
669 2037 808 2118 denique
841 2036 898 2098 riri
933 2033 1105 2097 doctissimi
1140 2030 1379 2116 perpenderem.

140 2161 230 2224 lieet
252 2160 337 2222 enim
355 2158 510 2222 Orellium
534 2161 573 2221 de
597 2160 669 2221 crisi
693 2158 893 2243 epigrapbiea
916 2159 1034 2241 optime
1056 2157 1201 2220 meritum
1217 2173 1287 2216 esse
1302 2153 1378 2214 satis

139 2287 283 2355 constet,
315 2301 413 2364 quum
443 2281 549 2344 multis
585 2281 713 2364 quidem
746 2281 847 2343 titulis
878 2279 1025 2342 falsitatis
1051 2287 1159 2340 notam
1185 2274 1378 2358 apposuerit,

139 2403 241 2468 multa
259 2402 460 2466 falsariorum
476 2403 604 2467 uomina
618 2403 784 2476 notaverit,
802 2402 886 2466 baud
903 2421 1020 2484 paucas
1036 2409 1140 2463 tamen
1156 2398 1378 2481 inscriptiones

138 2533 252 2610 aperte
274 2525 399 2608 spurias
420 2532 457 2586 ut
477 2524 630 2607 genuinas
654 2525 831 2590 collectioni
854 2545 929 2587 suae
952 2524 1103 2596 inseruit,
1126 2521 1249 2606 spurias
1270 2527 1380 2586 contra

140 2647 297 2712 iudicavit
326 2648 479 2728 genuinas
508 2647 678 2712 nonnullas
710 2649 776 2711 sive
807 2647 910 2710 adbuc
937 2647 1140 2730 superstites,
1173 2644 1241 2708 sive
1263 2663 1281 2706 a
1303 2643 1378 2706 viris

140 2768 203 2832 bde
225 2768 423 2851 dignissimis
446 2768 522 2831 olim
546 2769 732 2851 exscriptas.
775 2771 887 2852 Neque
901 2769 970 2832 lieri
988 2777 1124 2852 poterat,
1148 2769 1225 2850 quin
1242 2764 1379 2828 Orellius

141 2901 252 2974 utpote
274 2891 344 2955 sola
368 2890 518 2955 librorum
542 2912 603 2974 upa
625 2893 781 2966 munitus,
804 2893 880 2954 artis
903 2900 1008 2954 autom
1032 2889 1154 2973 lapides
1177 2887 1377 2952 exscribendi

140 3025 172 3078 et
194 3014 360 3097 imperitus
390 3023 421 3076 et
450 3014 614 3096 negligens
646 3013 747 3095 (euius
778 3014 823 3076 rei
852 3013 1136 3076 luculentissimum
1167 3011 1379 3074 testimonium

140 3136 366 3219 inscriptiones
393 3135 547 3219 praebent
572 3135 769 3209 Helveticae,
808 3155 889 3220 quas
914 3135 1026 3210 facile,
1056 3134 1081 3197 si
1113 3134 1281 3206 voluisset,
1310 3132 1379 3214 ipse

141 3258 300 3341 potuisset
323 3256 531 3339 exscriberet,
565 3277 675 3340 parum
710 3267 854 3322 accurate
876 3275 1106 3340 nonnunquam
1139 3255 1378 3337 inscriptionum

143 3389 266 3444 textum
288 3381 510 3454 constitueret,
534 3403 551 3442 e
575 3380 670 3444 variis
693 3380 882 3444 lectionibus
906 3380 1009 3443 minus
1033 3385 1147 3441 rectam
1168 3377 1316 3459 eligeret,
1340 3374 1380 3438 de

142 3510 311 3566 auctorum
335 3499 396 3566 fide
418 3502 499 3566 male
523 3502 685 3567 iudicaret.
730 3502 819 3577 Quae
846 3523 944 3586 quum
967 3504 1011 3566 ita
1033 3510 1156 3574 essent,
1188 3520 1252 3562 non
1276 3500 1380 3581 ingra-

142 3637 209 3690 tum
231 3626 308 3688 viris
331 3624 430 3688 doctis
453 3625 592 3688 laborem
614 3645 664 3686 me
684 3632 903 3706 suscepturum
920 3645 989 3687 esse
1006 3623 1189 3697 credebam,
1212 3622 1239 3686 si
1254 3629 1380 3704 praeter

143 3748 367 3831 supplementa
381 3747 463 3812 libro
478 3747 638 3812 Orelliano
654 3747 837 3828 corrigenda
854 3767 983 3832 quoque
998 3746 1222 3829 adiungerem,
1238 3744 1380 3828 quamvis

142 3889 244 3954 pauca
258 3870 312 3932 illa
329 3871 458 3953 quidem
476 3878 509 3934 et
522 3871 717 3942 inordinata,
740 3869 847 3952 qualia
862 3869 895 3932 lu
911 3869 1034 3932 schedis
1051 3871 1129 3932 meis
1144 3868 1379 3930 adnotaveram.

141 3995 253 4076 licque
278 3992 362 4056 euim
386 3993 565 4056 omniane
588 3992 765 4054 correxisse
786 3990 951 4074 praedico,
981 4009 1062 4074 qnae
1084 3988 1272 4072 corrigenda
1293 3989 1377 4073 apud

142 4114 294 4178 Orellium
318 4121 465 4188 exstant,
488 4134 546 4177 nec
570 4113 698 4187 dubito,
722 4113 798 4195 quin
823 4133 882 4196 ego
905 4133 1033 4197 quoque
1049 4111 1204 4176 interdum
1221 4111 1378 4174 sincerum

142 4245 381 4302 monumentum
409 4236 564 4321 spurium,
596 4235 736 4317 spurium
766 4236 933 4299 sincerum·
953 4235 1187 4298 declaraverim.
1231 4233 1266 4296 ld
1290 4233 1377 4315 quod

142 4379 198 4421 eos
218 4358 312 4424 lacile
335 4359 571 4422 condonaturos
589 4379 659 4422 esse
675 4360 757 4432 scio,
780 4358 837 4441 qui
853 4357 997 4440 quamvis
1011 4356 1187 4442 paullulum
1202 4356 1251 4418 bis
1266 4355 1378 4419 litteris

142 4482 237 4546 studii
272 4481 496 4564 impenderint.
551 4481 702 4544 Delector
736 4481 821 4544 enim
855 4481 949 4562 plane
982 4487 1133 4563 purgatus
1166 4475 1378 4559 omnibusque

142 4604 279 4668 numeris
314 4603 502 4668 emendatus
536 4583 598 4667 nisi
631 4604 798 4685 explorata
825 4611 918 4666 autea
950 4609 982 4665 et
1011 4601 1190 4664 examinata
1224 4599 1309 4662 omui
1343 4617 1377 4660 re

124 4727 343 4872 silwim
368 4725 492 4790 institui
514 4725 642 4812 nequit;
665 4745 764 4808 quare
786 4725 897 4790 merito
919 4724 1054 4834 lumsse
1076 4721 1153 4789 mibi
1176 4720 1298 4784 crimini
1323 4719 1377 4784 ‹la-
