3288 5424
1308 431 1368 470 ΧΙΙΙ

119 571 360 656 supplementis
381 579 507 638 aucum
530 572 636 637 denuo
663 573 903 657 imprimendam
926 574 1041 638 emavi.
1087 573 1193 650 Quum
1215 595 1290 640 varo
1311 595 1368 640 ne-

123 715 189 778 ῃο
214 715 366 760 numeros
389 695 558 760 immutare
573 694 752 770 titulorum,
776 696 888 778 quiin
909 695 1016 778 priore
1038 695 1167 779 quidem
1191 696 1368 780 appendice

118 817 280 902 propositi
309 816 470 882 indicibus
497 818 561 882 iam
582 819 650 884 suis
672 817 751 882 locis
773 817 904 884 indicati
925 827 1032 893 erant,
1061 837 1168 902 neque
1190 819 1226 883 in
1245 818 1368 883 indices

119 941 209 1023 typis
239 914 407 1004 mandatos¹
436 940 662 1024 inscriptiones
691 941 833 1024 recipere
859 940 972 1006 liceret
999 961 1108 1006 recens
1138 940 1279 1017 additas,
1310 942 1368 1006 baa

122 1061 275 1145 quidem
297 1061 412 1128 litteris
427 1062 555 1128 Graecis
578 1061 741 1128 distinctas
762 1063 846 1128 inter
860 1063 981 1148 priores
996 1062 1222 1146 inscriptiones
1236 1063 1368 1140 inserui,

125 1183 266 1250 iadicem
300 1195 408 1252 autem
440 1205 551 1250 earum
583 1185 780 1269 singularem
810 1185 967 1251 indicibus
995 1185 1195 1269 generalibus
1223 1185 1369 1251 adiunxi.

128 1305 199 1382 Qu
220 1307 349 1374 ratione
369 1307 432 1372 boc
453 1307 567 1372 sum·
588 1307 730 1384 obtinui,
752 1317 788 1372 ut
809 1307 936 1374 maturis
957 1328 1017 1392 pro
1039 1307 1163 1374 duabus
1182 1308 1368 1394 appendici·

128 1429 187 1494 baa
206 1449 308 1494 unam
329 1436 452 1494 tantum
475 1428 684 1512 perlustrasse
710 1427 854 1496 sufficiat.

211 1553 279 1616 lam
307 1571 384 1616 vero
415 1551 540 1616 duobus
568 1552 645 1616 viris
671 1551 798 1635 publice
829 1552 945 1636 gratias
970 1573 1064 1636 agere
1085 1554 1195 1629 liceat,
1229 1574 1367 1638 quorum

130 1674 258 1738 nomina
273 1675 309 1737 in
324 1691 515 1758 unaquaque
530 1692 628 1758 prope
644 1675 751 1757 operis
766 1675 883 1760 pagina
896 1674 1055 1740 laudanda
1072 1685 1177 1750 erant,
1193 1676 1367 1760 Borghesio

131 1798 205 1860 artis
228 1795 448 1880 epigraphicae
475 1791 743 1881 iacile'principi,
777 1797 834 1880 qui
857 1817 997 1872 summa,
1031 1819 1095 1884 que
1117 1799 1150 1860 io
1174 1818 1285 1862 omnes
1308 1805 1366 1874 est,

130 1918 320 1982 liberalitate
339 1918 414 1982 inde
435 1937 456 1981 a
476 1917 578 2000 primo
599 1917 746 1988 tirocinio
769 1919 882 1984 studiis
906 1921 983 1984 meis
1007 1920 1218 2004 epigraphicis
1241 1941 1367 2004 semper

129 2041 221 2116 lavit,
245 2041 462 2106 sciscitantem
484 2037 630 2114 edocuit,
652 2047 809 2104 errantem
832 2043 986 2116 correxit,
1010 2051 1041 2106 et
1058 2044 1267 2107 Mommsenio
1289 2043 1367 2106 ami·

130 2163 274 2238 cincimo,
303 2182 399 2247 quem
423 2161 541 2245 optimc
568 2161 671 2245 ipsum
695 2162 825 2246 quidem
853 2164 892 2227 de
922 2165 1003 2228 libr'o
1025 2184 1097 2228 meo
1119 2165 1273 2228 meruisse
1295 2174 1368 2228 ante

130 2285 285 2370 exposui,
308 2286 397 2348 cuius
419 2293 525 2348 autem
548 2304 660 2366 magna
683 2285 925 2368 inscriptionum
940 2287 1221 2370 Neapolitanorum
1244 2285 1367 2370 sylloge

130 2416 326 2492 quantopere
356 2415 468 2471 auctus
494 2416 526 2470 et
547 2406 673 2471 adiutus
696 2407 772 2481 sim,
803 2427 843 2469 er
872 2407 943 2488 ipso
972 2407 1053 2470 libro
1082 2407 1165 2470 clare
1193 2408 1366 2492 apparebit.

130 2531 277 2606 Accedit,
306 2530 392 2615 quod
414 2549 479 2593 una
501 2549 572 2594 cum
599 2531 724 2592 Baitero
747 2548 776 2592 r.
799 2548 826 2591 c.
847 2529 989 2592 laborem
1013 2529 1192 2613 improbum
1216 2539 1247 2593 et
1268 2531 1365 2593 taedii

129 2653 260 2737 plenum
295 2653 439 2739 plagulas
466 2654 548 2736 typis
578 2653 751 2736 descriptas
783 2652 962 2735 corrigendi
990 2654 1023 2716 in
1053 2673 1087 2716 se
1110 2654 1267 2738 suscepit3
1302 2673 1366 2739 qua

131 2775 236 2839 oblata
257 2774 425 2839 occasione
451 2795 548 2858 opere
577 2774 654 2838 mihi
683 2783 768 2840 certe
796 2775 975 2859 gratissima
997 2775 1141 2839 Baitenrs
1163 2775 1272 2862 paucis
1296 2776 1367 2860 qui·

132 2897 202 2961 dem
225 2897 304 2962 locis
327 2897 435 2960 doctas
463 2885 536 2961 suas
564 2895 785 2961 adnotationes
811 2897 974 2973 adiunxit,
1003 2899 1228 2962 Mommsenius
1259 2907 1365 2962 autem

130 3019 285 3102 plurimos
306 3019 352 3082 ita
374 3019 547 3101 corrigere,
570 3020 753 3093 restituere,
777 3019 936 3103 explicare
959 3028 1091 3084 conatus
1109 3027 1175 3095 eat,
1196 3030 1231 3084 ut
1246 3020 1366 3106 saepis-

131 3141 209 3205 sime
232 3119 342 3206 rerum
365 3160 437 3205 eum
461 3139 593 3217 vidisse,
621 3160 746 3224 semper
768 3141 852 3204 docti
875 3142 996 3226 aliquid
1019 3149 1049 3206 et
1070 3143 1229 3226 ingeniosi
1250 3164 1366 3228 propo·

133 3265 234 3326 misse
255 3262 391 3326 libenter
411 3282 589 3345 agnoscam.
634 3264 761 3326 Praeter
782 3263 841 3328 hos
863 3263 948 3327 baud
970 3285 1070 3350 pauca
1100 3265 1201 3328 debeo
1223 3266 1364 3329 Brnnnio

132 3384 278 3449 familiari
299 3404 404 3467 nuper
425 3385 701 3459 coniunctissimo,
732 3387 787 3468 qui
815 3393 1019 3450 monumenta
1045 3387 1079 3449 in
1103 3389 1366 3470 peregrinationi·

133 3503 191 3571 bns
220 3507 287 3570 suis
319 3506 478 3588 descripta
507 3505 582 3569 mihi
614 3525 740 3590 semper
767 3506 886 3570 utenda
920 3509 1083 3590 permisit3
1116 3511 1256 3572 loannes
1290 3529 1365 3573 vero

134 3628 271 3714 Baptista
291 3629 332 3692 de
354 3628 463 3702 Rossi,
486 3629 533 3692 vir
554 3628 704 3691 scientiae
721 3629 943 3713 epigraphicae
959 3631 991 3692 io
1007 3630 1117 3714 primis
1132 3631 1270 3716 peritus,
1292 3652 1363 3695 cum

133 3751 340 3814 Mommsenio
367 3769 454 3813 nunc
480 3751 512 3812 in
541 3769 673 3834 corpore
699 3750 880 3816 Latinarum
909 3751 1149 3836 inscriptionum
1179 3752 1365 3817 adornando

134 3871 251 3937 sodalis
272 3871 351 3935 mihi
374 3871 646 3955 exoptatissimus,
674 3873 837 3956 inceptum
866 3882 898 3937 et
928 3874 1069 3938 consiliis
1097 3876 1163 3938 suis
1191 3883 1224 3938 et
1253 3895 1365 3938 monu-

134 3995 248 4060 mentis
271 3995 508 4059 communicatis
529 3995 636 4058 lovere
660 4001 691 4056 et
712 3993 870 4078 adaugere
899 4015 1062 4080 nunquam
1083 3996 1212 4060 destitit.
1255 3996 1364 4060 Laudo

135 4115 274 4201 denique
290 4115 506 4182 Cavedonium
528 4116 629 4180 virum
652 4116 887 4193 doctissimum,
910 4119 966 4202 qui
988 4139 1199 4204 quaecunque
1221 4119 1261 4182 ad
1283 4137 1366 4180 mar-

134 4239 237 4321 ginem
266 4239 465 4304 collectionis
495 4237 675 4302 Orellienae
704 4238 927 4316 adnotaverat,
961 4240 1121 4324 exscripta
1154 4241 1231 4304 mihi
1264 4247 1365 4303 mans-

133 4361 230 4436 mlrit,
255 4380 339 4446 quae
362 4359 465 4424 sicubi
486 4379 571 4426 nova
591 4358 668 4422 mihi
691 4366 781 4425 erant
802 4368 835 4424 et
855 4369 949 4426 antee
967 4364 1091 4447 ignotm
1113 4363 1221 4430 addito
1235 4363 1364 4426 nomine

133 4485 198 4548 eius
218 4485 253 4549 in
273 4483 392 4548 librum
413 4483 528 4566 recepi.

213 4607 382 4692 Superest,
410 4612 447 4667 nt
468 4605 608 4669 virorum
630 4604 795 4671 doctorum
816 4606 1033 4692 indulgentiae
1061 4609 1176 4674 librum
1204 4629 1365 4674 commen·

132 4729 220 4806 dem,
258 4749 359 4816 quem
392 4727 499 4790 multis
537 4727 812 4792 emendationibus
849 4751 942 4814 egere
973 4751 1082 4817 neque
1114 4733 1226 4815 ignoro
1259 4751 1364 4815 neque
