<?xml version="1.0" encoding="UTF-8"?>
<!DOCTYPE html PUBLIC "-//W3C//DTD XHTML 1.0 Transitional//EN"
    "http://www.w3.org/TR/xhtml1/DTD/xhtml1-transitional.dtd">
<html xmlns="http://www.w3.org/1999/xhtml" xml:lang="en" lang="en">
 <head>
  <title>
</title>
<meta http-equiv="Content-Type" content="text/html;charset=utf-8" />
  <meta name='ocr-system' content='tesseract 3.04.00' />
  <meta name='ocr-capabilities' content='ocr_page ocr_carea ocr_par ocr_line ocrx_word'/>
</head>
<body>
  <div class='ocr_page' id='page_1' title='image "./inscriptionumla03henzgoog_0017.png"; bbox 0 0 3288 5424; ppageno 0'>
   <div class='ocr_carea' id='block_1_1' title="bbox 284 551 1531 4060">
    <p class='ocr_par' dir='ltr' id='par_1_1' title="bbox 284 551 1531 2844">
     <span class='ocr_line' id='line_1_1' title="bbox 284 551 1530 637; baseline 0.001 -21"><span class='ocrx_word' id='word_1_1' title='bbox 284 553 384 628; x_wconf 80' lang='lat' dir='ltr'><strong>bitur,</strong></span> <span class='ocrx_word' id='word_1_2' title='bbox 407 552 493 637; x_wconf 82' lang='lat' dir='ltr'><strong>quod</strong></span> <span class='ocrx_word' id='word_1_3' title='bbox 515 557 590 616; x_wconf 88' lang='lat' dir='ltr'><strong>ante</strong></span> <span class='ocrx_word' id='word_1_4' title='bbox 605 551 725 616; x_wconf 89' lang='lat' dir='ltr'><strong>editum</strong></span> <span class='ocrx_word' id='word_1_5' title='bbox 742 551 863 636; x_wconf 85' lang='lat' dir='ltr'><strong>Corpus</strong></span> <span class='ocrx_word' id='word_1_6' title='bbox 878 552 1121 636; x_wconf 72' lang='lat' dir='ltr'><strong>inscriptionum</strong></span> <span class='ocrx_word' id='word_1_7' title='bbox 1137 552 1321 618; x_wconf 86' lang='lat' dir='ltr'><strong>Latinarum</strong></span> <span class='ocrx_word' id='word_1_8' title='bbox 1340 553 1530 618; x_wconf 81' lang='lat' dir='ltr'><strong>universale</strong></span> 
     </span>
     <span class='ocr_line' id='line_1_2' title="bbox 284 674 1530 760; baseline 0.002 -23"><span class='ocrx_word' id='word_1_9' title='bbox 284 674 370 738; x_wconf 92' lang='lat' dir='ltr'><strong>bunc</strong></span> <span class='ocrx_word' id='word_1_10' title='bbox 391 675 506 739; x_wconf 91' lang='lat' dir='ltr'><strong>librum</strong></span> <span class='ocrx_word' id='word_1_11' title='bbox 528 675 648 759; x_wconf 82' lang='lat' dir='ltr'><strong>publici</strong></span> <span class='ocrx_word' id='word_1_12' title='bbox 669 676 749 739; x_wconf 91' lang='lat' dir='ltr'><strong>iuris</strong></span> <span class='ocrx_word' id='word_1_13' title='bbox 769 675 908 738; x_wconf 81' lang='lat' dir='ltr'><strong>fecerim.</strong></span> <span class='ocrx_word' id='word_1_14' title='bbox 946 675 1019 750; x_wconf 86' lang='lat' dir='ltr'><strong>Quo</strong></span> <span class='ocrx_word' id='word_1_15' title='bbox 1041 681 1148 738; x_wconf 89' lang='lat' dir='ltr'><strong>autem</strong></span> <span class='ocrx_word' id='word_1_16' title='bbox 1169 683 1313 758; x_wconf 85' lang='lat' dir='ltr'><strong>tempore</strong></span> <span class='ocrx_word' id='word_1_17' title='bbox 1335 695 1416 758; x_wconf 92' lang='lat' dir='ltr'><strong>opus</strong></span> <span class='ocrx_word' id='word_1_18' title='bbox 1431 677 1530 760; x_wconf 79' lang='lat' dir='ltr'><strong>equi·</strong></span> 
     </span>
     <span class='ocr_line' id='line_1_3' title="bbox 286 797 1530 880; baseline 0.002 -20"><span class='ocrx_word' id='word_1_19' title='bbox 286 797 357 861; x_wconf 90' lang='lat' dir='ltr'><strong>dem</strong></span> <span class='ocrx_word' id='word_1_20' title='bbox 379 797 543 873; x_wconf 80' lang='lat' dir='ltr'><strong>inchoavi,</strong></span> <span class='ocrx_word' id='word_1_21' title='bbox 565 797 738 862; x_wconf 85' lang='lat' dir='ltr'><strong>verendum</strong></span> <span class='ocrx_word' id='word_1_22' title='bbox 755 805 839 873; x_wconf 89' lang='lat' dir='ltr'><strong>erat,</strong></span> <span class='ocrx_word' id='word_1_23' title='bbox 861 817 902 860; x_wconf 90' lang='lat' dir='ltr'><strong>ne</strong></span> <span class='ocrx_word' id='word_1_24' title='bbox 918 797 1038 880; x_wconf 93' lang='lat' dir='ltr'><strong>Corpus</strong></span> <span class='ocrx_word' id='word_1_25' title='bbox 1062 797 1160 872; x_wconf 91' lang='lat' dir='ltr'><strong>illud,</strong></span> <span class='ocrx_word' id='word_1_26' title='bbox 1183 797 1209 860; x_wconf 86' lang='lat' dir='ltr'><strong>si</strong></span> <span class='ocrx_word' id='word_1_27' title='bbox 1225 797 1356 863; x_wconf 92' lang='lat' dir='ltr'><strong>omnino</strong></span> <span class='ocrx_word' id='word_1_28' title='bbox 1370 798 1404 861; x_wconf 95' lang='lat' dir='ltr'><strong>in</strong></span> <span class='ocrx_word' id='word_1_29' title='bbox 1419 800 1530 863; x_wconf 89' lang='lat' dir='ltr'><strong>lucem</strong></span> 
     </span>
     <span class='ocr_line' id='line_1_4' title="bbox 286 919 1531 1006; baseline 0.003 -24"><span class='ocrx_word' id='word_1_30' title='bbox 286 920 484 1003; x_wconf 86' lang='lat' dir='ltr'><strong>proditurum</strong></span> <span class='ocrx_word' id='word_1_31' title='bbox 505 928 605 995; x_wconf 87' lang='lat' dir='ltr'><strong>esset,</strong></span> <span class='ocrx_word' id='word_1_32' title='bbox 628 921 748 984; x_wconf 89' lang='lat' dir='ltr'><strong>incerta</strong></span> <span class='ocrx_word' id='word_1_33' title='bbox 770 928 865 1005; x_wconf 89' lang='lat' dir='ltr'><strong>atque</strong></span> <span class='ocrx_word' id='word_1_34' title='bbox 887 919 1011 986; x_wconf 86' lang='lat' dir='ltr'><strong>infirma</strong></span> <span class='ocrx_word' id='word_1_35' title='bbox 1033 922 1185 985; x_wconf 91' lang='lat' dir='ltr'><strong>librorum</strong></span> <span class='ocrx_word' id='word_1_36' title='bbox 1201 924 1398 1006; x_wconf 90' lang='lat' dir='ltr'><strong>potissimum</strong></span> <span class='ocrx_word' id='word_1_37' title='bbox 1415 929 1531 986; x_wconf 87' lang='lat' dir='ltr'><strong>aucto·</strong></span> 
     </span>
     <span class='ocr_line' id='line_1_5' title="bbox 284 1043 1530 1128; baseline 0.003 -24"><span class='ocrx_word' id='word_1_38' title='bbox 284 1043 378 1106; x_wconf 91' lang='lat' dir='ltr'><strong>ritate</strong></span> <span class='ocrx_word' id='word_1_39' title='bbox 400 1043 563 1106; x_wconf 79' lang='lat' dir='ltr'><strong>niteretur.</strong></span> <span class='ocrx_word' id='word_1_40' title='bbox 608 1043 779 1126; x_wconf 80' lang='lat' dir='ltr'><strong>Sperabam</strong></span> <span class='ocrx_word' id='word_1_41' title='bbox 803 1045 915 1126; x_wconf 74' lang='lat' dir='ltr'><strong>igitur,</strong></span> <span class='ocrx_word' id='word_1_42' title='bbox 937 1046 964 1108; x_wconf 90' lang='lat' dir='ltr'><strong>si</strong></span> <span class='ocrx_word' id='word_1_43' title='bbox 987 1045 1094 1108; x_wconf 87' lang='lat' dir='ltr'><strong>multis</strong></span> <span class='ocrx_word' id='word_1_44' title='bbox 1117 1046 1274 1128; x_wconf 87' lang='lat' dir='ltr'><strong>exemplis</strong></span> <span class='ocrx_word' id='word_1_45' title='bbox 1288 1046 1393 1110; x_wconf 89' lang='lat' dir='ltr'><strong>allatis</strong></span> <span class='ocrx_word' id='word_1_46' title='bbox 1408 1045 1530 1109; x_wconf 89' lang='lat' dir='ltr'><strong>malam</strong></span> 
     </span>
     <span class='ocr_line' id='line_1_6' title="bbox 286 1165 1531 1252; baseline 0 -23"><span class='ocrx_word' id='word_1_47' title='bbox 286 1185 397 1229; x_wconf 84' lang='lat' dir='ltr'><strong>comm</strong></span> <span class='ocrx_word' id='word_1_48' title='bbox 418 1165 638 1229; x_wconf 89' lang='lat' dir='ltr'><strong>condicionem</strong></span> <span class='ocrx_word' id='word_1_49' title='bbox 660 1167 735 1230; x_wconf 87' lang='lat' dir='ltr'><strong>viris</strong></span> <span class='ocrx_word' id='word_1_50' title='bbox 763 1165 864 1230; x_wconf 89' lang='lat' dir='ltr'><strong>doctis</strong></span> <span class='ocrx_word' id='word_1_51' title='bbox 892 1167 1096 1251; x_wconf 77' lang='lat' dir='ltr'><strong>probassem,</strong></span> <span class='ocrx_word' id='word_1_52' title='bbox 1125 1168 1160 1230; x_wconf 95' lang='lat' dir='ltr'><strong>in</strong></span> <span class='ocrx_word' id='word_1_53' title='bbox 1189 1169 1292 1251; x_wconf 90' lang='lat' dir='ltr'><strong>ipsum</strong></span> <span class='ocrx_word' id='word_1_54' title='bbox 1326 1167 1446 1252; x_wconf 85' lang='lat' dir='ltr'><strong>Corpus</strong></span> <span class='ocrx_word' id='word_1_55' title='bbox 1475 1168 1531 1229; x_wconf 90' lang='lat' dir='ltr'><strong>in·</strong></span> 
     </span>
     <span class='ocr_line' id='line_1_7' title="bbox 285 1286 1529 1373; baseline -0.001 -21"><span class='ocrx_word' id='word_1_56' title='bbox 285 1288 492 1372; x_wconf 73' lang='lat' dir='ltr'><strong>scriptionum</strong></span> <span class='ocrx_word' id='word_1_57' title='bbox 514 1286 680 1352; x_wconf 76' lang='lat' dir='ltr'><strong>utilitatem</strong></span> <span class='ocrx_word' id='word_1_58' title='bbox 702 1288 860 1372; x_wconf 85' lang='lat' dir='ltr'><strong>quandam</strong></span> <span class='ocrx_word' id='word_1_59' title='bbox 884 1289 958 1352; x_wconf 90' lang='lat' dir='ltr'><strong>inde</strong></span> <span class='ocrx_word' id='word_1_60' title='bbox 973 1289 1218 1355; x_wconf 85' lang='lat' dir='ltr'><strong>redundaturum</strong></span> <span class='ocrx_word' id='word_1_61' title='bbox 1236 1310 1316 1353; x_wconf 89' lang='lat' dir='ltr'><strong>esse.</strong></span> <span class='ocrx_word' id='word_1_62' title='bbox 1350 1291 1529 1373; x_wconf 78' lang='lat' dir='ltr'><strong>Postquam</strong></span> 
     </span>
     <span class='ocr_line' id='line_1_8' title="bbox 286 1410 1529 1496; baseline 0 -20"><span class='ocrx_word' id='word_1_63' title='bbox 286 1430 362 1476; x_wconf 81' lang='lat' dir='ltr'><strong>vero</strong></span> <span class='ocrx_word' id='word_1_64' title='bbox 383 1410 612 1474; x_wconf 78' lang='lat' dir='ltr'><strong>Mommsenius</strong></span> <span class='ocrx_word' id='word_1_65' title='bbox 642 1429 774 1493; x_wconf 89' lang='lat' dir='ltr'><strong>corpore</strong></span> <span class='ocrx_word' id='word_1_66' title='bbox 803 1413 1054 1496; x_wconf 86' lang='lat' dir='ltr'><strong>praeclarissimo</strong></span> <span class='ocrx_word' id='word_1_67' title='bbox 1081 1413 1322 1496; x_wconf 86' lang='lat' dir='ltr'><strong>inscriptionum</strong></span> <span class='ocrx_word' id='word_1_68' title='bbox 1342 1412 1529 1496; x_wconf 85' lang='lat' dir='ltr'><strong>Neapolita-</strong></span> 
     </span>
     <span class='ocr_line' id='line_1_9' title="bbox 287 1531 1529 1615; baseline 0 -19"><span class='ocrx_word' id='word_1_69' title='bbox 287 1553 398 1596; x_wconf 91' lang='lat' dir='ltr'><strong>narum</strong></span> <span class='ocrx_word' id='word_1_70' title='bbox 421 1532 505 1596; x_wconf 85' lang='lat' dir='ltr'><strong>edito</strong></span> <span class='ocrx_word' id='word_1_71' title='bbox 528 1532 674 1596; x_wconf 89' lang='lat' dir='ltr'><strong>omnibus</strong></span> <span class='ocrx_word' id='word_1_72' title='bbox 697 1535 869 1615; x_wconf 85' lang='lat' dir='ltr'><strong>persuasit,</strong></span> <span class='ocrx_word' id='word_1_73' title='bbox 900 1553 960 1597; x_wconf 91' lang='lat' dir='ltr'><strong>neo</strong></span> <span class='ocrx_word' id='word_1_74' title='bbox 983 1531 1128 1598; x_wconf 86' lang='lat' dir='ltr'><strong>sufficere</strong></span> <span class='ocrx_word' id='word_1_75' title='bbox 1150 1535 1250 1598; x_wconf 87' lang='lat' dir='ltr'><strong>libros</strong></span> <span class='ocrx_word' id='word_1_76' title='bbox 1272 1535 1312 1598; x_wconf 94' lang='lat' dir='ltr'><strong>ad</strong></span> <span class='ocrx_word' id='word_1_77' title='bbox 1334 1553 1426 1598; x_wconf 83' lang='lat' dir='ltr'><strong>veras</strong></span> <span class='ocrx_word' id='word_1_78' title='bbox 1447 1535 1529 1598; x_wconf 91' lang='lat' dir='ltr'><strong>titu-</strong></span> 
     </span>
     <span class='ocr_line' id='line_1_10' title="bbox 287 1655 1529 1740; baseline 0.002 -22"><span class='ocrx_word' id='word_1_79' title='bbox 287 1656 390 1718; x_wconf 91' lang='lat' dir='ltr'><strong>lorum</strong></span> <span class='ocrx_word' id='word_1_80' title='bbox 414 1655 564 1718; x_wconf 88' lang='lat' dir='ltr'><strong>lectiones</strong></span> <span class='ocrx_word' id='word_1_81' title='bbox 587 1656 818 1730; x_wconf 85' lang='lat' dir='ltr'><strong>restituendas,</strong></span> <span class='ocrx_word' id='word_1_82' title='bbox 852 1664 885 1718; x_wconf 90' lang='lat' dir='ltr'><strong>et</strong></span> <span class='ocrx_word' id='word_1_83' title='bbox 910 1655 1030 1740; x_wconf 89' lang='lat' dir='ltr'><strong>ubique</strong></span> <span class='ocrx_word' id='word_1_84' title='bbox 1060 1677 1186 1740; x_wconf 86' lang='lat' dir='ltr'><strong>semper</strong></span> <span class='ocrx_word' id='word_1_85' title='bbox 1211 1657 1251 1721; x_wconf 91' lang='lat' dir='ltr'><strong>ad</strong></span> <span class='ocrx_word' id='word_1_86' title='bbox 1273 1657 1391 1730; x_wconf 80' lang='lat' dir='ltr'><strong>tontes,</strong></span> <span class='ocrx_word' id='word_1_87' title='bbox 1407 1665 1458 1720; x_wconf 54' lang='lat' dir='ltr'><strong>*ut</strong></span> <span class='ocrx_word' id='word_1_88' title='bbox 1480 1657 1529 1720; x_wconf 88' lang='lat' dir='ltr'><strong>ila</strong></span> 
     </span>
     <span class='ocr_line' id='line_1_11' title="bbox 287 1777 1529 1863; baseline 0.002 -22"><span class='ocrx_word' id='word_1_89' title='bbox 287 1778 407 1852; x_wconf 88' lang='lat' dir='ltr'><strong>dicam,</strong></span> <span class='ocrx_word' id='word_1_90' title='bbox 429 1777 558 1840; x_wconf 86' lang='lat' dir='ltr'><strong>ultimos</strong></span> <span class='ocrx_word' id='word_1_91' title='bbox 579 1777 779 1841; x_wconf 84' lang='lat' dir='ltr'><strong>redeundum</strong></span> <span class='ocrx_word' id='word_1_92' title='bbox 801 1799 886 1852; x_wconf 87' lang='lat' dir='ltr'><strong>esse,</strong></span> <span class='ocrx_word' id='word_1_93' title='bbox 908 1779 1070 1842; x_wconf 84' lang='lat' dir='ltr'><strong>academia</strong></span> <span class='ocrx_word' id='word_1_94' title='bbox 1091 1787 1196 1843; x_wconf 89' lang='lat' dir='ltr'><strong>autem</strong></span> <span class='ocrx_word' id='word_1_95' title='bbox 1218 1780 1307 1863; x_wconf 74' lang='lat' dir='ltr'><strong>regia</strong></span> <span class='ocrx_word' id='word_1_96' title='bbox 1322 1780 1529 1844; x_wconf 84' lang='lat' dir='ltr'><strong>scientiarum</strong></span> 
     </span>
     <span class='ocr_line' id='line_1_12' title="bbox 287 1900 1530 1984; baseline -0.001 -20"><span class='ocrx_word' id='word_1_97' title='bbox 287 1901 453 1964; x_wconf 80' lang='lat' dir='ltr'><strong>bomssica</strong></span> <span class='ocrx_word' id='word_1_98' title='bbox 475 1900 509 1963; x_wconf 91' lang='lat' dir='ltr'><strong>in</strong></span> <span class='ocrx_word' id='word_1_99' title='bbox 532 1920 666 1984; x_wconf 90' lang='lat' dir='ltr'><strong>corpore</strong></span> <span class='ocrx_word' id='word_1_100' title='bbox 687 1900 929 1984; x_wconf 87' lang='lat' dir='ltr'><strong>inscriptionum</strong></span> <span class='ocrx_word' id='word_1_101' title='bbox 948 1901 1131 1966; x_wconf 86' lang='lat' dir='ltr'><strong>Latinarum</strong></span> <span class='ocrx_word' id='word_1_102' title='bbox 1155 1901 1340 1964; x_wconf 90' lang='lat' dir='ltr'><strong>adornando</strong></span> <span class='ocrx_word' id='word_1_103' title='bbox 1362 1903 1429 1965; x_wconf 94' lang='lat' dir='ltr'><strong>eius</strong></span> <span class='ocrx_word' id='word_1_104' title='bbox 1448 1921 1530 1964; x_wconf 90' lang='lat' dir='ltr'><strong>con-</strong></span> 
     </span>
     <span class='ocr_line' id='line_1_13' title="bbox 286 2023 1529 2107; baseline 0 -21"><span class='ocrx_word' id='word_1_105' title='bbox 286 2023 360 2086; x_wconf 88' lang='lat' dir='ltr'><strong>silia</strong></span> <span class='ocrx_word' id='word_1_106' title='bbox 382 2029 413 2086; x_wconf 89' lang='lat' dir='ltr'><strong>et</strong></span> <span class='ocrx_word' id='word_1_107' title='bbox 434 2024 589 2086; x_wconf 91' lang='lat' dir='ltr'><strong>rationem</strong></span> <span class='ocrx_word' id='word_1_108' title='bbox 610 2024 705 2107; x_wconf 91' lang='lat' dir='ltr'><strong>plane</strong></span> <span class='ocrx_word' id='word_1_109' title='bbox 728 2023 907 2107; x_wconf 82' lang='lat' dir='ltr'><strong>adoptavit,</strong></span> <span class='ocrx_word' id='word_1_110' title='bbox 936 2023 1035 2087; x_wconf 78' lang='lat' dir='ltr'><strong>nihilo</strong></span> <span class='ocrx_word' id='word_1_111' title='bbox 1063 2025 1169 2087; x_wconf 89' lang='lat' dir='ltr'><strong>minus</strong></span> <span class='ocrx_word' id='word_1_112' title='bbox 1192 2043 1272 2106; x_wconf 89' lang='lat' dir='ltr'><strong>opus</strong></span> <span class='ocrx_word' id='word_1_113' title='bbox 1295 2043 1400 2087; x_wconf 90' lang='lat' dir='ltr'><strong>meum</strong></span> <span class='ocrx_word' id='word_1_114' title='bbox 1422 2041 1529 2106; x_wconf 90' lang='lat' dir='ltr'><strong>paene</strong></span> 
     </span>
     <span class='ocr_line' id='line_1_14' title="bbox 287 2144 1528 2230; baseline -0.002 -21"><span class='ocrx_word' id='word_1_115' title='bbox 287 2144 467 2209; x_wconf 86' lang='lat' dir='ltr'><strong>absolutum</strong></span> <span class='ocrx_word' id='word_1_116' title='bbox 488 2165 593 2228; x_wconf 91' lang='lat' dir='ltr'><strong>neque</strong></span> <span class='ocrx_word' id='word_1_117' title='bbox 616 2145 831 2210; x_wconf 90' lang='lat' dir='ltr'><strong>abiiciendum</strong></span> <span class='ocrx_word' id='word_1_118' title='bbox 853 2167 958 2230; x_wconf 88' lang='lat' dir='ltr'><strong>neque</strong></span> <span class='ocrx_word' id='word_1_119' title='bbox 981 2147 1013 2209; x_wconf 93' lang='lat' dir='ltr'><strong>in</strong></span> <span class='ocrx_word' id='word_1_120' title='bbox 1037 2147 1163 2209; x_wconf 88' lang='lat' dir='ltr'><strong>occulto</strong></span> <span class='ocrx_word' id='word_1_121' title='bbox 1187 2144 1432 2229; x_wconf 86' lang='lat' dir='ltr'><strong>relinquendum</strong></span> <span class='ocrx_word' id='word_1_122' title='bbox 1455 2165 1528 2208; x_wconf 87' lang='lat' dir='ltr'><strong>esse</strong></span> 
     </span>
     <span class='ocr_line' id='line_1_15' title="bbox 287 2265 1529 2351; baseline 0 -20"><span class='ocrx_word' id='word_1_123' title='bbox 287 2266 416 2339; x_wconf 90' lang='lat' dir='ltr'><strong>censui,</strong></span> <span class='ocrx_word' id='word_1_124' title='bbox 438 2265 466 2327; x_wconf 89' lang='lat' dir='ltr'><strong>si</strong></span> <span class='ocrx_word' id='word_1_125' title='bbox 489 2265 616 2348; x_wconf 92' lang='lat' dir='ltr'><strong>quidem</strong></span> <span class='ocrx_word' id='word_1_126' title='bbox 640 2267 726 2331; x_wconf 89' lang='lat' dir='ltr'><strong>baud</strong></span> <span class='ocrx_word' id='word_1_127' title='bbox 748 2287 868 2350; x_wconf 87' lang='lat' dir='ltr'><strong>paucos</strong></span> <span class='ocrx_word' id='word_1_128' title='bbox 891 2288 992 2331; x_wconf 84' lang='lat' dir='ltr'><strong>arrnos</strong></span> <span class='ocrx_word' id='word_1_129' title='bbox 1008 2270 1195 2332; x_wconf 87' lang='lat' dir='ltr'><strong>transituros</strong></span> <span class='ocrx_word' id='word_1_130' title='bbox 1212 2287 1282 2330; x_wconf 89' lang='lat' dir='ltr'><strong>esse</strong></span> <span class='ocrx_word' id='word_1_131' title='bbox 1298 2275 1400 2351; x_wconf 89' lang='lat' dir='ltr'><strong>patet,</strong></span> <span class='ocrx_word' id='word_1_132' title='bbox 1423 2269 1529 2350; x_wconf 87' lang='lat' dir='ltr'><strong>prius·</strong></span> 
     </span>
     <span class='ocr_line' id='line_1_16' title="bbox 288 2389 1526 2474; baseline -0.001 -21"><span class='ocrx_word' id='word_1_133' title='bbox 288 2409 383 2474; x_wconf 88' lang='lat' dir='ltr'><strong>quam</strong></span> <span class='ocrx_word' id='word_1_134' title='bbox 417 2409 562 2472; x_wconf 83' lang='lat' dir='ltr'><strong>magnum</strong></span> <span class='ocrx_word' id='word_1_135' title='bbox 593 2390 673 2453; x_wconf 90' lang='lat' dir='ltr'><strong>illud</strong></span> <span class='ocrx_word' id='word_1_136' title='bbox 699 2391 872 2474; x_wconf 85' lang='lat' dir='ltr'><strong>inceptum¹</strong></span> <span class='ocrx_word' id='word_1_137' title='bbox 893 2391 933 2454; x_wconf 91' lang='lat' dir='ltr'><strong>ad</strong></span> <span class='ocrx_word' id='word_1_138' title='bbox 962 2389 1055 2455; x_wconf 89' lang='lat' dir='ltr'><strong>finem</strong></span> <span class='ocrx_word' id='word_1_139' title='bbox 1089 2390 1220 2474; x_wconf 90' lang='lat' dir='ltr'><strong>perduoi</strong></span> <span class='ocrx_word' id='word_1_140' title='bbox 1251 2390 1383 2472; x_wconf 81' lang='lat' dir='ltr'><strong>poterit3</strong></span> <span class='ocrx_word' id='word_1_141' title='bbox 1416 2392 1526 2464; x_wconf 91' lang='lat' dir='ltr'><strong>immo,</strong></span> 
     </span>
     <span class='ocr_line' id='line_1_17' title="bbox 287 2512 1527 2596; baseline 0.001 -23"><span class='ocrx_word' id='word_1_142' title='bbox 287 2512 401 2578; x_wconf 87' lang='lat' dir='ltr'><strong>librum</strong></span> <span class='ocrx_word' id='word_1_143' title='bbox 427 2535 546 2588; x_wconf 90' lang='lat' dir='ltr'><strong>meum,</strong></span> <span class='ocrx_word' id='word_1_144' title='bbox 576 2514 806 2596; x_wconf 88' lang='lat' dir='ltr'><strong>qualiscunque</strong></span> <span class='ocrx_word' id='word_1_145' title='bbox 829 2523 892 2588; x_wconf 87' lang='lat' dir='ltr'><strong>ost,</strong></span> <span class='ocrx_word' id='word_1_146' title='bbox 927 2535 984 2596; x_wconf 92' lang='lat' dir='ltr'><strong>pro</strong></span> <span class='ocrx_word' id='word_1_147' title='bbox 1014 2521 1156 2596; x_wconf 86' lang='lat' dir='ltr'><strong>temporo</strong></span> <span class='ocrx_word' id='word_1_148' title='bbox 1185 2521 1269 2577; x_wconf 84' lang='lat' dir='ltr'><strong>certe</strong></span> <span class='ocrx_word' id='word_1_149' title='bbox 1298 2513 1527 2578; x_wconf 84' lang='lat' dir='ltr'><strong>subventurum</strong></span> 
     </span>
     <span class='ocr_line' id='line_1_18' title="bbox 288 2635 1526 2720; baseline -0.002 -20"><span class='ocrx_word' id='word_1_150' title='bbox 288 2657 359 2700; x_wconf 87' lang='lat' dir='ltr'><strong>esse</strong></span> <span class='ocrx_word' id='word_1_151' title='bbox 382 2656 475 2720; x_wconf 89' lang='lat' dir='ltr'><strong>spero</strong></span> <span class='ocrx_word' id='word_1_152' title='bbox 497 2636 659 2698; x_wconf 86' lang='lat' dir='ltr'><strong>desiderio</strong></span> <span class='ocrx_word' id='word_1_153' title='bbox 681 2657 804 2709; x_wconf 88' lang='lat' dir='ltr'><strong>eorum,</strong></span> <span class='ocrx_word' id='word_1_154' title='bbox 839 2636 895 2720; x_wconf 89' lang='lat' dir='ltr'><strong>qui</strong></span> <span class='ocrx_word' id='word_1_155' title='bbox 927 2636 985 2700; x_wconf 89' lang='lat' dir='ltr'><strong>arti</strong></span> <span class='ocrx_word' id='word_1_156' title='bbox 1014 2635 1234 2718; x_wconf 81' lang='lat' dir='ltr'><strong>epigrapbioae</strong></span> <span class='ocrx_word' id='word_1_157' title='bbox 1262 2643 1293 2698; x_wconf 89' lang='lat' dir='ltr'><strong>et</strong></span> <span class='ocrx_word' id='word_1_158' title='bbox 1315 2637 1526 2698; x_wconf 83' lang='lat' dir='ltr'><strong>Romanarum</strong></span> 
     </span>
     <span class='ocr_line' id='line_1_19' title="bbox 287 2757 945 2844; baseline -0.003 -22"><span class='ocrx_word' id='word_1_159' title='bbox 287 2759 511 2844; x_wconf 86' lang='lat' dir='ltr'><strong>antiquitatum</strong></span> <span class='ocrx_word' id='word_1_160' title='bbox 533 2759 684 2822; x_wconf 89' lang='lat' dir='ltr'><strong>scientiae</strong></span> <span class='ocrx_word' id='word_1_161' title='bbox 707 2777 838 2841; x_wconf 90' lang='lat' dir='ltr'><strong>operam</strong></span> <span class='ocrx_word' id='word_1_162' title='bbox 860 2757 945 2820; x_wconf 80' lang='lat' dir='ltr'><strong>dant.</strong></span> 
     </span>
    </p>

    <p class='ocr_par' dir='ltr' id='par_1_2' title="bbox 286 2875 1526 4060">
     <span class='ocr_line' id='line_1_20' title="bbox 372 2875 1525 2965; baseline -0.003 -22"><span class='ocrx_word' id='word_1_163' title='bbox 372 2883 407 2945; x_wconf 88' lang='lat' dir='ltr'><strong>ln</strong></span> <span class='ocrx_word' id='word_1_164' title='bbox 430 2881 692 2965; x_wconf 88' lang='lat' dir='ltr'><strong>inscriptionibus</strong></span> <span class='ocrx_word' id='word_1_165' title='bbox 722 2899 797 2942; x_wconf 88' lang='lat' dir='ltr'><strong>vcro</strong></span> <span class='ocrx_word' id='word_1_166' title='bbox 825 2900 845 2943; x_wconf 95' lang='lat' dir='ltr'><strong>a</strong></span> <span class='ocrx_word' id='word_1_167' title='bbox 874 2901 924 2942; x_wconf 90' lang='lat' dir='ltr'><strong>mc</strong></span> <span class='ocrx_word' id='word_1_168' title='bbox 952 2879 1124 2962; x_wconf 85' lang='lat' dir='ltr'><strong>propositis</strong></span> <span class='ocrx_word' id='word_1_169' title='bbox 1151 2880 1239 2954; x_wconf 87' lang='lat' dir='ltr'><strong>licet,</strong></span> <span class='ocrx_word' id='word_1_170' title='bbox 1274 2889 1427 2962; x_wconf 90' lang='lat' dir='ltr'><strong>quantum</strong></span> <span class='ocrx_word' id='word_1_171' title='bbox 1457 2875 1525 2940; x_wconf 86' lang='lat' dir='ltr'><strong>fieri</strong></span> 
     </span>
     <span class='ocr_line' id='line_1_21' title="bbox 288 3003 1525 3089; baseline -0.005 -21"><span class='ocrx_word' id='word_1_172' title='bbox 288 3011 423 3089; x_wconf 90' lang='lat' dir='ltr'><strong>poterat,</strong></span> <span class='ocrx_word' id='word_1_173' title='bbox 446 3023 595 3066; x_wconf 80' lang='lat' dir='ltr'><strong>versuum</strong></span> <span class='ocrx_word' id='word_1_174' title='bbox 611 3003 879 3078; x_wconf 86' lang='lat' dir='ltr'><strong>distributionem,</strong></span> <span class='ocrx_word' id='word_1_175' title='bbox 902 3003 1190 3085; x_wconf 84' lang='lat' dir='ltr'><strong>interpunctionem</strong></span> <span class='ocrx_word' id='word_1_176' title='bbox 1207 3003 1391 3074; x_wconf 83' lang='lat' dir='ltr'><strong>verborum,</strong></span> <span class='ocrx_word' id='word_1_177' title='bbox 1413 3021 1525 3075; x_wconf 86' lang='lat' dir='ltr'><strong>nexus,</strong></span> 
     </span>
     <span class='ocr_line' id='line_1_22' title="bbox 288 3123 1524 3206; baseline -0.005 -16"><span class='ocrx_word' id='word_1_178' title='bbox 288 3127 391 3190; x_wconf 89' lang='lat' dir='ltr'><strong>sicubi</strong></span> <span class='ocrx_word' id='word_1_179' title='bbox 414 3133 521 3201; x_wconf 90' lang='lat' dir='ltr'><strong>erant,</strong></span> <span class='ocrx_word' id='word_1_180' title='bbox 543 3126 718 3188; x_wconf 88' lang='lat' dir='ltr'><strong>litterarum</strong></span> <span class='ocrx_word' id='word_1_181' title='bbox 740 3132 886 3190; x_wconf 89' lang='lat' dir='ltr'><strong>accurate</strong></span> <span class='ocrx_word' id='word_1_182' title='bbox 909 3125 1129 3200; x_wconf 88' lang='lat' dir='ltr'><strong>indicaverim,</strong></span> <span class='ocrx_word' id='word_1_183' title='bbox 1152 3127 1183 3186; x_wconf 91' lang='lat' dir='ltr'><strong>in</strong></span> <span class='ocrx_word' id='word_1_184' title='bbox 1205 3123 1400 3206; x_wconf 76' lang='lat' dir='ltr'><strong>corrigendis</strong></span> <span class='ocrx_word' id='word_1_185' title='bbox 1420 3129 1524 3185; x_wconf 88' lang='lat' dir='ltr'><strong>tamen</strong></span> 
     </span>
     <span class='ocr_line' id='line_1_23' title="bbox 286 3247 1525 3328; baseline -0.006 -14"><span class='ocrx_word' id='word_1_186' title='bbox 286 3250 387 3314; x_wconf 88' lang='lat' dir='ltr'><strong>titulis</strong></span> <span class='ocrx_word' id='word_1_187' title='bbox 410 3249 578 3314; x_wconf 86' lang='lat' dir='ltr'><strong>Orellianis</strong></span> <span class='ocrx_word' id='word_1_188' title='bbox 601 3249 693 3312; x_wconf 87' lang='lat' dir='ltr'><strong>aliter</strong></span> <span class='ocrx_word' id='word_1_189' title='bbox 714 3255 859 3310; x_wconf 81' lang='lat' dir='ltr'><strong>uersatus</strong></span> <span class='ocrx_word' id='word_1_190' title='bbox 882 3268 970 3322; x_wconf 88' lang='lat' dir='ltr'><strong>sum;</strong></span> <span class='ocrx_word' id='word_1_191' title='bbox 994 3267 1066 3310; x_wconf 92' lang='lat' dir='ltr'><strong>nam</strong></span> <span class='ocrx_word' id='word_1_192' title='bbox 1087 3247 1168 3310; x_wconf 87' lang='lat' dir='ltr'><strong>fines</strong></span> <span class='ocrx_word' id='word_1_193' title='bbox 1191 3247 1272 3310; x_wconf 91' lang='lat' dir='ltr'><strong>libro</strong></span> <span class='ocrx_word' id='word_1_194' title='bbox 1288 3247 1409 3328; x_wconf 89' lang='lat' dir='ltr'><strong>positos</strong></span> <span class='ocrx_word' id='word_1_195' title='bbox 1426 3254 1525 3308; x_wconf 89' lang='lat' dir='ltr'><strong>trans-</strong></span> 
     </span>
     <span class='ocr_line' id='line_1_24' title="bbox 287 3368 1526 3457; baseline -0.006 -21"><span class='ocrx_word' id='word_1_196' title='bbox 287 3393 414 3457; x_wconf 77' lang='lat' dir='ltr'><strong>gressus</strong></span> <span class='ocrx_word' id='word_1_197' title='bbox 436 3390 557 3444; x_wconf 90' lang='lat' dir='ltr'><strong>essem,</strong></span> <span class='ocrx_word' id='word_1_198' title='bbox 588 3371 614 3434; x_wconf 91' lang='lat' dir='ltr'><strong>si</strong></span> <span class='ocrx_word' id='word_1_199' title='bbox 639 3389 749 3434; x_wconf 89' lang='lat' dir='ltr'><strong>omnes</strong></span> <span class='ocrx_word' id='word_1_200' title='bbox 772 3369 843 3433; x_wconf 88' lang='lat' dir='ltr'><strong>illas</strong></span> <span class='ocrx_word' id='word_1_201' title='bbox 867 3370 1017 3433; x_wconf 89' lang='lat' dir='ltr'><strong>minutias</strong></span> <span class='ocrx_word' id='word_1_202' title='bbox 1040 3369 1199 3452; x_wconf 80' lang='lat' dir='ltr'><strong>corrigere</strong></span> <span class='ocrx_word' id='word_1_203' title='bbox 1222 3368 1413 3441; x_wconf 84' lang='lat' dir='ltr'><strong>voluissem,</strong></span> <span class='ocrx_word' id='word_1_204' title='bbox 1435 3385 1526 3450; x_wconf 86' lang='lat' dir='ltr'><strong>prac-</strong></span> 
     </span>
     <span class='ocr_line' id='line_1_25' title="bbox 293 3492 1524 3578; baseline -0.006 -20"><span class='ocrx_word' id='word_1_205' title='bbox 293 3495 400 3560; x_wconf 85' lang='lat' dir='ltr'><strong>sertim</strong></span> <span class='ocrx_word' id='word_1_206' title='bbox 425 3514 522 3578; x_wconf 89' lang='lat' dir='ltr'><strong>quum</strong></span> <span class='ocrx_word' id='word_1_207' title='bbox 545 3513 627 3576; x_wconf 92' lang='lat' dir='ltr'><strong>opus</strong></span> <span class='ocrx_word' id='word_1_208' title='bbox 649 3492 754 3574; x_wconf 90' lang='lat' dir='ltr'><strong>ipsum</strong></span> <span class='ocrx_word' id='word_1_209' title='bbox 771 3512 880 3555; x_wconf 90' lang='lat' dir='ltr'><strong>eorum</strong></span> <span class='ocrx_word' id='word_1_210' title='bbox 897 3494 996 3576; x_wconf 79' lang='lat' dir='ltr'><strong>magis</strong></span> <span class='ocrx_word' id='word_1_211' title='bbox 1011 3492 1084 3555; x_wconf 74' lang='lat' dir='ltr'><strong>ursui</strong></span> <span class='ocrx_word' id='word_1_212' title='bbox 1100 3492 1293 3554; x_wconf 83' lang='lat' dir='ltr'><strong>destinatum</strong></span> <span class='ocrx_word' id='word_1_213' title='bbox 1308 3509 1379 3553; x_wconf 82' lang='lat' dir='ltr'><strong>esse</strong></span> <span class='ocrx_word' id='word_1_214' title='bbox 1393 3495 1524 3563; x_wconf 89' lang='lat' dir='ltr'><strong>constet,</strong></span> 
     </span>
     <span class='ocr_line' id='line_1_26' title="bbox 288 3611 1523 3702; baseline -0.006 -22"><span class='ocrx_word' id='word_1_215' title='bbox 288 3619 344 3702; x_wconf 89' lang='lat' dir='ltr'><strong>qui</strong></span> <span class='ocrx_word' id='word_1_216' title='bbox 366 3617 610 3700; x_wconf 88' lang='lat' dir='ltr'><strong>antiquitatum,</strong></span> <span class='ocrx_word' id='word_1_217' title='bbox 642 3635 738 3698; x_wconf 91' lang='lat' dir='ltr'><strong>quam</strong></span> <span class='ocrx_word' id='word_1_218' title='bbox 767 3615 824 3699; x_wconf 89' lang='lat' dir='ltr'><strong>qui</strong></span> <span class='ocrx_word' id='word_1_219' title='bbox 853 3616 899 3678; x_wconf 86' lang='lat' dir='ltr'><strong>roi</strong></span> <span class='ocrx_word' id='word_1_220' title='bbox 922 3615 1146 3699; x_wconf 79' lang='lat' dir='ltr'><strong>epigraphicae</strong></span> <span class='ocrx_word' id='word_1_221' title='bbox 1176 3612 1281 3676; x_wconf 91' lang='lat' dir='ltr'><strong>studio</strong></span> <span class='ocrx_word' id='word_1_222' title='bbox 1313 3611 1412 3674; x_wconf 88' lang='lat' dir='ltr'><strong>dediti</strong></span> <span class='ocrx_word' id='word_1_223' title='bbox 1442 3619 1523 3674; x_wconf 79' lang='lat' dir='ltr'><strong>suut.</strong></span> 
     </span>
     <span class='ocr_line' id='line_1_27' title="bbox 288 3734 1524 3822; baseline -0.006 -20"><span class='ocrx_word' id='word_1_224' title='bbox 288 3742 325 3804; x_wconf 93' lang='lat' dir='ltr'><strong>In</strong></span> <span class='ocrx_word' id='word_1_225' title='bbox 357 3739 423 3802; x_wconf 90' lang='lat' dir='ltr'><strong>illis</strong></span> <span class='ocrx_word' id='word_1_226' title='bbox 453 3749 576 3812; x_wconf 89' lang='lat' dir='ltr'><strong>autem,</strong></span> <span class='ocrx_word' id='word_1_227' title='bbox 610 3759 690 3822; x_wconf 90' lang='lat' dir='ltr'><strong>quas</strong></span> <span class='ocrx_word' id='word_1_228' title='bbox 720 3737 805 3814; x_wconf 84' lang='lat' dir='ltr'><strong>dixi,</strong></span> <span class='ocrx_word' id='word_1_229' title='bbox 840 3739 983 3802; x_wconf 90' lang='lat' dir='ltr'><strong>minutiis</strong></span> <span class='ocrx_word' id='word_1_230' title='bbox 1013 3735 1224 3820; x_wconf 74' lang='lat' dir='ltr'><strong>epigrnpbicis</strong></span> <span class='ocrx_word' id='word_1_231' title='bbox 1254 3753 1348 3818; x_wconf 89' lang='lat' dir='ltr'><strong>quam</strong></span> <span class='ocrx_word' id='word_1_232' title='bbox 1377 3734 1524 3796; x_wconf 87' lang='lat' dir='ltr'><strong>socordes</strong></span> 
     </span>
     <span class='ocr_line' id='line_1_28' title="bbox 289 3856 1523 3942; baseline -0.006 -18"><span class='ocrx_word' id='word_1_233' title='bbox 289 3862 427 3925; x_wconf 88' lang='lat' dir='ltr'><strong>editores</strong></span> <span class='ocrx_word' id='word_1_234' title='bbox 462 3863 651 3925; x_wconf 82' lang='lat' dir='ltr'><strong>vetustiores</strong></span> <span class='ocrx_word' id='word_1_235' title='bbox 684 3862 821 3934; x_wconf 83' lang='lat' dir='ltr'><strong>inerint,</strong></span> <span class='ocrx_word' id='word_1_236' title='bbox 856 3861 910 3924; x_wconf 85' lang='lat' dir='ltr'><strong>vix</strong></span> <span class='ocrx_word' id='word_1_237' title='bbox 945 3867 993 3922; x_wconf 87' lang='lat' dir='ltr'><strong>est</strong></span> <span class='ocrx_word' id='word_1_238' title='bbox 1027 3859 1111 3942; x_wconf 91' lang='lat' dir='ltr'><strong>qnod</strong></span> <span class='ocrx_word' id='word_1_239' title='bbox 1143 3877 1306 3930; x_wconf 70' lang='lat' dir='ltr'><strong>moneam</strong></span> <span class='ocrx_word' id='word_1_240' title='bbox 1340 3856 1392 3918; x_wconf 90' lang='lat' dir='ltr'><strong>hic</strong></span> <span class='ocrx_word' id='word_1_241' title='bbox 1422 3856 1523 3938; x_wconf 88' lang='lat' dir='ltr'><strong>ipsum</strong></span> 
     </span>
     <span class='ocr_line' id='line_1_29' title="bbox 288 3977 1523 4060; baseline -0.008 -12"><span class='ocrx_word' id='word_1_242' title='bbox 288 3984 443 4048; x_wconf 88' lang='lat' dir='ltr'><strong>Orellium</strong></span> <span class='ocrx_word' id='word_1_243' title='bbox 472 3991 583 4047; x_wconf 85' lang='lat' dir='ltr'><strong>notare</strong></span> <span class='ocrx_word' id='word_1_244' title='bbox 614 3984 708 4047; x_wconf 90' lang='lat' dir='ltr'><strong>liceat</strong></span> <span class='ocrx_word' id='word_1_245' title='bbox 740 4003 806 4046; x_wconf 93' lang='lat' dir='ltr'><strong>nou</strong></span> <span class='ocrx_word' id='word_1_246' title='bbox 838 3983 906 4046; x_wconf 88' lang='lat' dir='ltr'><strong>siue</strong></span> <span class='ocrx_word' id='word_1_247' title='bbox 937 3983 1066 4046; x_wconf 88' lang='lat' dir='ltr'><strong>arbitrio</strong></span> <span class='ocrx_word' id='word_1_248' title='bbox 1098 3979 1256 4043; x_wconf 90' lang='lat' dir='ltr'><strong>interdum</strong></span> <span class='ocrx_word' id='word_1_249' title='bbox 1289 3978 1386 4042; x_wconf 81' lang='lat' dir='ltr'><strong>salsas</strong></span> <span class='ocrx_word' id='word_1_250' title='bbox 1420 3977 1523 4060; x_wconf 86' lang='lat' dir='ltr'><strong>potins</strong></span> 
     </span>
    </p>
   </div>
   <div class='ocr_carea' id='block_1_2' title="bbox 287 4084 1524 4190">
    <p class='ocr_par' dir='ltr' id='par_1_3' title="bbox 287 4084 1524 4190">
     <span class='ocr_line' id='line_1_30' title="bbox 287 4084 1524 4190; baseline -0.006 -20"><span class='ocrx_word' id='word_1_251' title='bbox 287 4106 498 4190; x_wconf 76' lang='lat' dir='ltr'><strong>cogitationes</strong></span> <span class='ocrx_word' id='word_1_252' title='bbox 520 4126 611 4182; x_wconf 87' lang='lat' dir='ltr'><strong>suas,</strong></span> <span class='ocrx_word' id='word_1_253' title='bbox 635 4127 731 4190; x_wconf 89' lang='lat' dir='ltr'><strong>quam</strong></span> <span class='ocrx_word' id='word_1_254' title='bbox 753 4084 935 4170; x_wconf 79' lang='lat' dir='ltr'><strong>testimonia</strong></span> <span class='ocrx_word' id='word_1_255' title='bbox 955 4111 1117 4168; x_wconf 85' lang='lat' dir='ltr'><strong>auctorum</strong></span> <span class='ocrx_word' id='word_1_256' title='bbox 1141 4110 1283 4166; x_wconf 89' lang='lat' dir='ltr'><strong>secutum</strong></span> <span class='ocrx_word' id='word_1_257' title='bbox 1300 4121 1385 4174; x_wconf 85' lang='lat' dir='ltr'><strong>osse,</strong></span> <span class='ocrx_word' id='word_1_258' title='bbox 1409 4099 1524 4183; x_wconf 88' lang='lat' dir='ltr'><strong>quippe</strong></span> 
     </span>
    </p>
   </div>
   <div class='ocr_carea' id='block_1_3' title="bbox 289 4221 1525 4802">
    <p class='ocr_par' dir='ltr' id='par_1_4' title="bbox 289 4221 1525 4802">
     <span class='ocr_line' id='line_1_31' title="bbox 289 4221 1524 4314; baseline -0.008 -22"><span class='ocrx_word' id='word_1_259' title='bbox 289 4230 344 4314; x_wconf 88' lang='lat' dir='ltr'><strong>qui</strong></span> <span class='ocrx_word' id='word_1_260' title='bbox 368 4248 396 4292; x_wconf 88' lang='lat' dir='ltr'><strong>o.</strong></span> <span class='ocrx_word' id='word_1_261' title='bbox 420 4249 467 4312; x_wconf 63' lang='grc'><strong>3.,</strong></span> <span class='ocrx_word' id='word_1_262' title='bbox 490 4230 674 4312; x_wconf 88' lang='lat' dir='ltr'><strong>ubicunque</strong></span> <span class='ocrx_word' id='word_1_263' title='bbox 697 4231 709 4290; x_wconf 83' lang='lat' dir='ltr'><strong>i</strong></span> <span class='ocrx_word' id='word_1_264' title='bbox 731 4229 868 4311; x_wconf 85' lang='lat' dir='ltr'><strong>simplex</strong></span> <span class='ocrx_word' id='word_1_265' title='bbox 890 4245 948 4309; x_wconf 90' lang='lat' dir='ltr'><strong>pro</strong></span> <span class='ocrx_word' id='word_1_266' title='bbox 971 4225 1129 4308; x_wconf 90' lang='lat' dir='ltr'><strong>duplicata</strong></span> <span class='ocrx_word' id='word_1_267' title='bbox 1152 4225 1185 4286; x_wconf 94' lang='lat' dir='ltr'><strong>in</strong></span> <span class='ocrx_word' id='word_1_268' title='bbox 1205 4221 1419 4286; x_wconf 86' lang='lat' dir='ltr'><strong>monumentis</strong></span> <span class='ocrx_word' id='word_1_269' title='bbox 1434 4221 1524 4283; x_wconf 85' lang='lat' dir='ltr'><strong>obvia</strong></span> 
     </span>
     <span class='ocr_line' id='line_1_32' title="bbox 290 4344 1525 4434; baseline -0.009 -18"><span class='ocrx_word' id='word_1_270' title='bbox 290 4359 354 4427; x_wconf 90' lang='lat' dir='ltr'><strong>est,</strong></span> <span class='ocrx_word' id='word_1_271' title='bbox 386 4352 499 4416; x_wconf 88' lang='lat' dir='ltr'><strong>altiore</strong></span> <span class='ocrx_word' id='word_1_272' title='bbox 529 4352 651 4415; x_wconf 87' lang='lat' dir='ltr'><strong>litterae</strong></span> <span class='ocrx_word' id='word_1_273' title='bbox 679 4351 781 4434; x_wconf 77' lang='lat' dir='ltr'><strong>figura</strong></span> <span class='ocrx_word' id='word_1_274' title='bbox 803 4351 836 4413; x_wconf 92' lang='lat' dir='ltr'><strong>id</strong></span> <span class='ocrx_word' id='word_1_275' title='bbox 863 4348 1068 4413; x_wconf 89' lang='lat' dir='ltr'><strong>indicandum</strong></span> <span class='ocrx_word' id='word_1_276' title='bbox 1091 4367 1162 4409; x_wconf 89' lang='lat' dir='ltr'><strong>esse</strong></span> <span class='ocrx_word' id='word_1_277' title='bbox 1184 4345 1353 4408; x_wconf 88' lang='lat' dir='ltr'><strong>censuerit.</strong></span> <span class='ocrx_word' id='word_1_278' title='bbox 1378 4375 1416 4390; x_wconf 87' lang='lat'>-</span> <span class='ocrx_word' id='word_1_279' title='bbox 1441 4344 1525 4406; x_wconf 90' lang='lat' dir='ltr'><strong>Sicut</strong></span> 
     </span>
     <span class='ocr_line' id='line_1_33' title="bbox 290 4465 1523 4559; baseline -0.01 -21"><span class='ocrx_word' id='word_1_280' title='bbox 290 4467 401 4538; x_wconf 85' lang='lat' dir='ltr'><strong>autam</strong></span> <span class='ocrx_word' id='word_1_281' title='bbox 418 4475 535 4559; x_wconf 88' lang='lat' dir='ltr'><strong>ubique</strong></span> <span class='ocrx_word' id='word_1_282' title='bbox 558 4494 597 4538; x_wconf 92' lang='lat' dir='ltr'><strong>ea</strong></span> <span class='ocrx_word' id='word_1_283' title='bbox 619 4475 714 4538; x_wconf 90' lang='lat' dir='ltr'><strong>modo</strong></span> <span class='ocrx_word' id='word_1_284' title='bbox 736 4473 904 4556; x_wconf 86' lang='lat' dir='ltr'><strong>proposui,</strong></span> <span class='ocrx_word' id='word_1_285' title='bbox 928 4489 1010 4553; x_wconf 89' lang='lat' dir='ltr'><strong>quae</strong></span> <span class='ocrx_word' id='word_1_286' title='bbox 1033 4469 1170 4533; x_wconf 83' lang='lat' dir='ltr'><strong>maxime</strong></span> <span class='ocrx_word' id='word_1_287' title='bbox 1186 4465 1364 4530; x_wconf 88' lang='lat' dir='ltr'><strong>necessaria</strong></span> <span class='ocrx_word' id='word_1_288' title='bbox 1381 4465 1523 4528; x_wconf 86' lang='lat' dir='ltr'><strong>videban-</strong></span> 
     </span>
     <span class='ocr_line' id='line_1_34' title="bbox 290 4586 1522 4677; baseline -0.009 -18"><span class='ocrx_word' id='word_1_289' title='bbox 290 4605 451 4672; x_wconf 78' lang='lat' dir='ltr'><strong>turenae,</strong></span> <span class='ocrx_word' id='word_1_290' title='bbox 482 4599 527 4660; x_wconf 94' lang='lat' dir='ltr'><strong>ita</strong></span> <span class='ocrx_word' id='word_1_291' title='bbox 548 4598 581 4660; x_wconf 93' lang='lat' dir='ltr'><strong>in</strong></span> <span class='ocrx_word' id='word_1_292' title='bbox 604 4595 887 4660; x_wconf 86' lang='lat' dir='ltr'><strong>commemorandis</strong></span> <span class='ocrx_word' id='word_1_293' title='bbox 915 4611 1048 4677; x_wconf 83' lang='lat' dir='ltr'><strong>quoque</strong></span> <span class='ocrx_word' id='word_1_294' title='bbox 1072 4589 1311 4674; x_wconf 87' lang='lat' dir='ltr'><strong>inscriptionum</strong></span> <span class='ocrx_word' id='word_1_295' title='bbox 1335 4586 1522 4651; x_wconf 87' lang='lat' dir='ltr'><strong>editionibus</strong></span> 
     </span>
     <span class='ocr_line' id='line_1_35' title="bbox 292 4717 1522 4802; baseline -0.01 -18"><span class='ocrx_word' id='word_1_296' title='bbox 292 4720 332 4784; x_wconf 89' lang='lat' dir='ltr'><strong>dc</strong></span> <span class='ocrx_word' id='word_1_297' title='bbox 354 4721 488 4784; x_wconf 88' lang='lat' dir='ltr'><strong>oonsilio</strong></span> <span class='ocrx_word' id='word_1_298' title='bbox 510 4737 604 4802; x_wconf 86' lang='lat' dir='ltr'><strong>saepe</strong></span> <span class='ocrx_word' id='word_1_299' title='bbox 621 4739 675 4782; x_wconf 89' lang='lat' dir='ltr'><strong>ens</strong></span> <span class='ocrx_word' id='word_1_300' title='bbox 689 4717 800 4791; x_wconf 89' lang='lat' dir='ltr'><strong>omisi,</strong></span> <span class='ocrx_word' id='word_1_301' title='bbox 824 4735 904 4801; x_wconf 88' lang='lat' dir='ltr'><strong>quas</strong></span> <span class='ocrx_word' id='word_1_302' title='bbox 919 4721 1030 4800; x_wconf 87' lang='lat' dir='ltr'><strong>postea</strong></span> <span class='ocrx_word' id='word_1_303' title='bbox 1045 4721 1204 4778; x_wconf 89' lang='lat' dir='ltr'><strong>correctas</strong></span> <span class='ocrx_word' id='word_1_304' title='bbox 1219 4729 1289 4776; x_wconf 86' lang='lat' dir='ltr'><strong>esse</strong></span> <span class='ocrx_word' id='word_1_305' title='bbox 1306 4725 1522 4792; x_wconf 72' lang='lat' dir='ltr'><strong>cognoscum.</strong></span> 
     </span>
    </p>
   </div>
   <div class='ocr_carea' id='block_1_4' title="bbox 0 0 1650 5424">
    <p class='ocr_par' dir='ltr' id='par_1_5' title="bbox 0 0 1650 5424">
     <span class='ocr_line' id='line_1_36' title="bbox 0 0 1650 5424; baseline 0 0"><span class='ocrx_word' id='word_1_306' title='bbox 0 0 1650 5424; x_wconf 95' lang='lat' dir='ltr'><strong> </strong></span> 
     </span>
    </p>
   </div>
  </div>
 </body>
</html>
