3288 5424
221 1564 349 1647 Ingenti
370 1565 570 1640 latinarum,
599 1586 682 1650 quae
704 1573 778 1650 post
799 1567 917 1631 editam
939 1567 1159 1631 collectionem
1182 1564 1375 1628 Orellianam

139 1688 240 1750 lucem
261 1686 424 1762 siderant,
458 1689 702 1771 inscriptionum
731 1709 862 1753 numero
891 1692 960 1773 ipse
986 1690 1048 1753 iam
1071 1688 1209 1752 Orellius
1232 1709 1260 1751 c.
1282 1707 1323 1749 m.
1345 1705 1376 1748 s.

139 1809 288 1872 inductus
320 1815 386 1883 est,
415 1815 450 1872 ct
476 1811 508 1872 in
538 1811 792 1894 supplementum
820 1813 927 1896 operis
957 1812 1106 1876 volumen
1127 1810 1255 1875 tertium
1284 1827 1376 1893 prac-

138 1939 277 2015 pararet,
313 1932 403 1994 cuius
433 1932 488 1994 vix
515 1933 659 2016 quintum
688 1933 802 1998 lolium
831 1935 921 2018 prelo
950 1935 1133 1998 mandatum
1163 1940 1244 2006 crat,
1276 1951 1376 2014 quum

139 2061 250 2117 auctor
273 2060 375 2117 morte
397 2053 548 2138 abreptus
571 2061 628 2118 est.
672 2057 719 2119 lta
740 2063 844 2120 autem
873 2075 993 2120 novum
1014 2057 1163 2120 volumen
1185 2054 1376 2128 instituerat,

140 2183 173 2238 ut
196 2175 307 2238 titulos
337 2196 378 2240 ex
404 2175 494 2239 libris
521 2179 747 2253 recentiorum,
778 2178 934 2255 Gervasii,
964 2177 1196 2252 Kellermanni,
1226 2175 1377 2249 Lersctrit,

139 2299 275 2362 aliorum
300 2307 467 2383 excerptos
490 2302 558 2363 sine
579 2300 646 2363 ullo
670 2301 783 2364 ordine
807 2301 919 2364 eodem
943 2301 1039 2364 modo
1062 2299 1288 2372 conscriberet,
1311 2317 1375 2381 quo

138 2424 169 2486 in
193 2422 340 2485 ultimum
363 2422 463 2505 ipsius
486 2423 683 2486 collectionis
706 2430 802 2506 capnt
823 2421 974 2486 Analecta
997 2421 1152 2504 quaedam
1175 2427 1378 2504 congesserat

138 2553 171 2608 et
204 2545 275 2627 ipsa
305 2561 345 2606 ex
372 2543 461 2607 libris
493 2543 673 2629 desumpta,
708 2565 843 2629 quorum
879 2543 979 2609 serius
1015 2545 1043 2606 ei
1073 2544 1163 2626 copia
1188 2543 1272 2606 lacta
1300 2547 1377 2607 erat.

138 2667 210 2742 Qua
232 2667 356 2729 ratione
378 2666 528 2731 scribenti
553 2668 682 2751 quidem
705 2667 873 2732 commoda
895 2687 931 2731 ac
953 2667 1118 2743 facillima,
1146 2667 1276 2730 lecturis
1298 2687 1374 2731 sero

139 2809 234 2873 quam
259 2788 396 2852 maximo
418 2789 619 2853 incommoda
649 2790 818 2853 utilitatem
844 2790 949 2873 operis
978 2791 1070 2854 valde
1098 2791 1299 2854 imminutum
1324 2789 1374 2866 iri,

137 2913 206 2994 ipse
228 2912 278 2974 rir
300 2909 412 2974 doctus
435 2912 548 2974 mirum
572 2919 620 2975 cst
647 2913 733 2994 quod
756 2931 820 2974 non
842 2913 1015 2997 perspexit.
1059 2911 1165 2988 Quum
1187 2911 1284 2994 igitur
1303 2919 1377 2996 post

139 3039 272 3096 mortem
296 3033 366 3096 eius
388 3030 510 3096 librarii
534 3033 673 3098 editores
703 3033 900 3099 collectionis
924 3033 1104 3098 Orellianae
1128 3032 1375 3098 continuandum

139 3175 219 3238 opus
243 3153 322 3218 mibi
345 3154 606 3232 demandassent,
630 3163 666 3219 ut
687 3163 809 3240 partem
830 3157 915 3241 typis
939 3156 1128 3240 descriptam
1150 3155 1376 3229 rescinderent,

138 3277 232 3341 facile
254 3277 294 3341 ab
319 3277 359 3342 iis
380 3278 565 3361 impetravi,
596 3279 665 3362 ipse
687 3298 763 3342 vero
786 3279 817 3342 in
846 3278 927 3341 libro
958 3277 1143 3341 adornando
1166 3277 1211 3342 ita
1233 3283 1376 3340 versatus

141 3419 226 3474 sum,
249 3406 285 3461 ut
305 3399 448 3483 priorum
463 3401 659 3464 voluminum
675 3403 831 3465 rationem
845 3402 966 3485 ubique
982 3397 1114 3465 secutus
1125 3419 1211 3463 meos
1227 3399 1377 3483 equidem

139 3521 249 3586 titulos
271 3541 330 3605 per
351 3522 462 3585 eadem
485 3523 589 3606 capita
603 3529 699 3607 atque
716 3522 854 3587 Orellius
869 3523 1079 3608 disponerem.
1114 3525 1150 3584 ln
1165 3521 1377 3585 monumentis

139 3653 246 3706 tamen
267 3643 446 3726 deligendis
467 3663 539 3707 raro
562 3651 684 3708 tautum
701 3646 824 3728 magnis
839 3645 1082 3746 inscriptionum
1099 3643 1284 3727 corporibus
1298 3662 1377 3708 usus

139 3785 220 3828 scm.
259 3765 459 3850 Quamquam
483 3769 584 3842 enim,
608 3769 633 3831 si
656 3786 774 3830 norum
797 3769 925 3831 omnino
949 3766 1104 3830 delectum
1127 3767 1304 3841 instituere,
1326 3765 1377 3830 vel

138 3887 270 3951 alteram
294 3888 399 3972 operis
416 3888 570 3952 Orelliani
593 3887 763 3954 editionem
784 3909 894 3974 parare
910 3889 1064 3963 licuisset,
1086 3887 1253 3971 permultis
1269 3905 1377 3951 corum

138 4009 401 4093 inscriptionibus
429 4011 467 4074 ab
498 4011 618 4075 Orellio
649 4011 880 4095 praetermissis
909 4030 958 4075 me
991 4009 1096 4073 locum
1130 4011 1275 4074 daturum
1307 4027 1377 4073 esee

138 4131 225 4195 lracd
247 4127 365 4197 infitias
387 4133 455 4208 ibo,
478 4133 579 4197 nihilo
602 4141 708 4198 tamen
729 4133 834 4197 minus
850 4153 887 4197 ea
902 4133 1101 4218 potissimum
1117 4131 1223 4216 operis
1239 4133 1379 4214 suscepti

139 4254 221 4317 ratio
237 4273 307 4318 esse
323 4253 476 4331 debebat,
501 4264 535 4318 ut
551 4257 648 4320 titulis
662 4257 702 4320 ab
717 4255 774 4318 illo
790 4253 932 4318 collectis
949 4252 1378 4336 monumenta‘adiunperen-

140 4383 191 4438 tur
213 4395 325 4440 recens
348 4379 465 4440 cllossa
487 4378 537 4440 rel
560 4377 735 4462 diuulgata,
756 4379 807 4442 rel
830 4395 912 4460 quae
934 4375 1048 4442 melius
1070 4375 1230 4459 exscripta
1252 4382 1285 4439 et
1305 4373 1378 4438 illu·

139 4503 236 4559 strata
259 4497 387 4561 maioris
409 4519 495 4562 nunc
518 4519 613 4583 quam
641 4509 734 4564 antea
763 4499 914 4563 momenti
941 4519 1011 4562 esse
1033 4497 1224 4562 viderentur.
1269 4495 1377 4572 Quum

140 4619 225 4683 enim
252 4637 404 4701 corpora,
437 4619 477 4685 de
506 4622 623 4706 quibus
655 4621 741 4698 dixi,
776 4621 1018 4704 inscriptionum
1049 4625 1080 4682 et
1113 4639 1195 4703 quae
1223 4617 1285 4682 alia
1307 4623 1379 4681 ante

139 4739 296 4808 Orellicrn
320 4761 416 4828 opera
430 4745 633 4829 epigrapbica
649 4745 829 4828 conscripta
844 4749 931 4818 sunt,
952 4745 985 4808 in
1001 4741 1163 4827 plerisque
1177 4739 1378 4806 bibliothecis
