3236 5422
292 401 348 460 496
623 399 821 458 ADDBNDA
842 399 895 458 ΕΤ
917 399 1190 461 COBBIGENDA.

190 549 193 560 “
284 555 459 626 fragmento
478 550 618 624 defensio,
639 553 767 606 Baraliai
786 553 870 622 1853,
891 554 927 623 4,
949 565 1055 612 contra
1076 555 1215 612 Roscium
1235 556 1357 626 epistola
1375 560 1481 610 critica
1493 557 1527 610 de

283 647 437 720 fastorum
456 649 663 719 municipalium
681 651 887 722 Campanorum
899 651 1089 722 fragmento,
1116 649 1175 707 ibd.
1196 650 1288 718 1854,
1309 650 1338 707 4.

217 760 281 836 Sl.
314 761 351 818 ad
370 781 400 817 n.
420 759 511 818 5366:
543 759 639 817 denuo
666 761 824 837 Zmnptius
851 763 958 843 Sentio
983 763 1148 822 Saturnino
1169 763 1398 838 inscriptionem
1416 761 1529 821 tribuit

292 856 458 913 comment.
479 855 573 930 epigr.
593 855 639 924 11,
662 876 691 931 p.
716 857 770 914 109
791 876 872 934 seqq.
882 878 890 926 ;
921 877 1017 936 neque
1044 870 1143 916 tamen
1166 859 1238 915 mibi
1258 871 1339 915 certe
1357 860 1527 936 persuasit,

291 969 352 1007 nou
370 952 490 1018 Asiam,
512 950 565 1007 sed
578 951 712 1008 Airicam
733 951 904 1025 Quirinium
923 955 1039 1011 rexisse
1059 960 1101 1028 (p.
1115 953 1175 1022 91),
1199 971 1289 1030 quum
1307 951 1387 1029 apud
1399 953 1530 1010 Florum

291 1045 362 1120 epit.
383 1045 429 1114 11,
451 1043 486 1102 31
517 1043 601 1101 valde
627 1046 742 1101 incerta
769 1046 906 1102 codicum
926 1049 1015 1105 lectio
1036 1051 1091 1115 sit,
1120 1057 1149 1104 et
1171 1045 1371 1106 Marmaridas
1392 1048 1529 1124 praesidi

290 1141 388 1215 potius
418 1139 619 1212 Cyrenaicae,
650 1159 739 1216 quam
768 1143 889 1198 Airicae
915 1140 1098 1218 subigendos
1123 1141 1209 1198 datos
1237 1159 1303 1199 esse
1330 1141 1529 1200 crediderim.

288 1234 449 1291 Praeterea
470 1237 534 1310 ipsa
555 1246 722 1310 temporum
744 1239 958 1293 consecutione
972 1237 1182 1294 Marmaricam
1203 1236 1284 1293 illam
1302 1237 1530 1312 expeditionem

288 1339 357 1406 post
378 1347 489 1386 aunum
509 1328 582 1397 759,
610 1347 670 1404 quio
692 1327 835 1387 Gaetulae
856 1329 966 1388 Cossus
988 1331 1076 1399 vicit,
1105 1329 1215 1388 iactam
1236 1350 1301 1388 esse
1322 1344 1473 1407 apparet;
1501 1332 1532 1388 id

289 1426 315 1480 si
341 1442 445 1480 verum
469 1435 530 1492 est,
566 1423 603 1480 ad
630 1424 835 1499 quaestionem
862 1427 910 1482 bio
936 1427 1124 1501 propositam
1151 1425 1224 1483 nihil
1251 1427 1391 1501 pertinet.
1437 1425 1531 1498 Quod

289 1530 388 1576 autem
408 1518 444 1575 Z.
461 1517 588 1574 Balbum
608 1518 727 1576 easdem
745 1530 849 1595 gentes
870 1521 980 1576 vicisse
1000 1519 1082 1588 dicit,
1106 1539 1179 1597 quas
1197 1523 1365 1596 Augustum
1380 1517 1531 1592 Quirinio

288 1612 469 1690 subigendas
490 1612 607 1670 dedisse
628 1612 742 1682 eredit,
764 1632 802 1670 ue
823 1614 880 1670 hoc
900 1614 1019 1690 quidem
1039 1633 1143 1670 verum
1159 1625 1223 1682 est;
1244 1633 1312 1671 uam
1326 1619 1408 1671 inter
1422 1627 1532 1691 gentes

289 1705 326 1766 ab
353 1727 388 1765 eo
415 1706 547 1764 devictas
568 1707 766 1764 Garamantes
788 1709 922 1785 quidem,
952 1709 1073 1765 minime
1093 1727 1165 1766 vero
1186 1709 1384 1766 Marmaridas
1406 1709 1532 1767 Plinius

288 1813 501 1860 eosiuuemorat
526 1801 617 1868 (Plin.
639 1801 675 1857 N.
698 1801 736 1858 Η.
759 1801 798 1870 V,
820 1804 853 1871 5,
875 1803 935 1871 36).
985 1801 1114 1872 Contra,
1143 1821 1322 1882 quamquam
1349 1803 1532 1876 Quirinium

287 1899 378 1955 Asiae
403 1897 615 1974 proconsulem
640 1897 732 1952 luisse
761 1895 882 1953 disertis
908 1909 1044 1954 veterum
1067 1899 1246 1956 testimoniis
1265 1916 1327 1955 nou
1347 1899 1469 1968 elucet,
1501 1902 1530 1956 iu

287 1993 363 2050 serie
390 2002 489 2049 tamen
517 1991 731 2067 proconsulum
755 1993 819 2048 eius
845 1993 1022 2068 provinciae
1043 2011 1139 2048 annus
1159 1993 1312 2050 747111ιιι·
1332 2004 1378 2050 est
1398 2004 1430 2051 et
1454 2013 1531 2052 cou-

287 2085 345 2144 suli
373 2088 444 2142 anui
469 2085 526 2144 uti
547 2085 700 2143 commode
724 2087 903 2163 assignatur.
941 2087 1043 2164 ipsum
1062 2098 1162 2143 autem
1182 2087 1379 2145 Saturninum
1399 2089 1530 2148 Africae

285 2181 499 2258 proconsulem
518 2181 629 2248 tuisse,
653 2178 834 2237 Tertulliani
853 2178 954 2238 verbis
976 2179 1100 2258 probari
1119 2181 1239 2238 videtur
1259 2181 1309 2258 (de
1328 2182 1422 2258 pallio
1448 2203 1478 2240 c.
1496 2186 1528 2249 i;

286 2277 324 2333 ci.
348 2275 414 2335 adv.
437 2274 533 2334 Marc.
554 2273 607 2343 iv,
634 2275 698 2352 10),
735 2273 785 2332 ubi
816 2275 851 2332 de
878 2275 998 2332 colonia
1026 2275 1269 2354 Carthaginiensi
1297 2277 1340 2334 sic
1365 2277 1527 2354 loquitur:

282 2381 348 2444 post
369 2371 490 2425 Gracchi
509 2371 643 2423 obscoena
664 2377 758 2423 omina
777 2380 807 2422 at
827 2370 923 2440 Lepidi
941 2373 1068 2424 uiolenta
1088 2371 1224 2440 ludibria,
1242 2381 1310 2444 post
1328 2378 1422 2424 trinas
1445 2375 1529 2426 Pom-

282 2472 340 2538 peii
359 2484 428 2518 aras
446 2474 474 2519 at
494 2466 598 2536 longas
619 2465 751 2518 Caesaris
770 2485 876 2534 moras,
897 2467 943 2518 ubi
962 2472 1072 2520 moenia
1092 2467 1225 2520 Statilius
1244 2467 1357 2520 Taurus
1375 2473 1526 2540 imposuit,

284 2561 431 2614 sollemnia
451 2561 563 2614 Sentius
577 2561 750 2613 Saturninus
768 2566 928 2626 enarravit,
949 2581 1030 2634 quum
1050 2561 1201 2614 concordia
1220 2567 1315 2631 iuuat,
1337 2571 1410 2632 toga
1424 2565 1528 2618 oblata

285 2665 339 2712 ast.
372 2653 419 2711 lbi
438 2657 518 2711 enim
539 2652 630 2711 verba
650 2655 796 2708 sollemnia
815 2661 965 2710 enarravit
985 2654 1021 2712 ad
1042 2655 1191 2712 coloniam
1212 2656 1456 2732 inaugurandum
1479 2678 1529 2716 re·

284 2749 442 2819 feruutur,
464 2749 651 2805 demonstrat
671 2759 768 2804 antem
789 2749 956 2824 exesuplmn
976 2749 1113 2807 coioniae
1133 2750 1307 2819 Patrensis,
1329 2751 1457 2828 longum
1480 2754 1528 2809 iu-

286 2843 403 2900 tardum
418 2847 562 2918 temporis
577 2842 766 2900 intervallum
781 2844 858 2900 iuter
871 2843 1024 2900 decretum
1039 2843 1074 2902 de
1088 2845 1206 2902 colonia
1221 2845 1394 2902 deducenda
1409 2847 1526 2904 iactum
1615 2845 1616 2856 ³

286 2940 440 3014 ipsamque
461 2939 524 2994 eius
545 2939 805 3012 inaugurationem
825 2937 1031 3006 intersitum
1059 2939 1097 2996 oi.
1120 2939 1230 2996 Eekhel
1250 2939 1297 3008 11,
1320 2961 1348 3016 p.
1368 2940 1444 3012 2³6,
1470 2943 1524 3010 111,

286 3052 316 3109 p.
338 3033 405 3093 335.
447 3032 641 3108 Quapropter
666 3029 734 3087 ficri
761 3050 834 3088 sane
859 3034 973 3108 potuit,
1003 3043 1035 3089 ut
1058 3033 1210 3090 dccrctmu
1230 3033 1350 3110 quidem
1369 3034 1405 3090 de
1425 3035 1527 3093 dedu·
1615 3069 1616 3074 κ

285 3125 379 3186 cende
410 3125 527 3185 colonia
556 3127 796 3202 Carthaginiensi
823 3145 902 3184 anuo
933 3128 989 3185 725
1015 3125 1100 3186 lieret
1125 3127 1197 3197 (Dio
1216 3127 1271 3196 52,
1292 3129 1360 3196 43),
1391 3129 1525 3188 deducta
1615 3111 1616 3154 ³

285 3242 359 3280 vero
385 3225 465 3280 eirca
489 3239 600 3278 anuum
620 3221 739 3278 demum
758 3223 815 3278 740
835 3225 1076 3298 inauguraretur.
1117 3221 1172 3279 Sin
1198 3233 1296 3280 autem
1322 3223 1526 3282 Saturninum

284 3318 420 3376 Africam
439 3319 554 3374 rexisse
575 3320 778 3384 concesseris,
800 3316 929 3392 lapideus
950 3315 1144 3374 Tiburtinum
1165 3317 1201 3374 ad
1222 3335 1288 3374 enm
1302 3336 1362 3374 nou
1380 3330 1525 3392 spectare

285 3423 377 3490 patet.
417 3413 576 3470 Praeterea
597 3411 632 3468 Z.
649 3411 685 3469 de
706 3409 819 3488 duplici
838 3411 987 3486 legatione
1009 3409 1135 3485 Syriaca
1155 3411 1252 3470 Sentii
1266 3411 1423 3470 Saturnini
1444 3417 1525 3472 nihil
1615 3413 1616 3482 l

284 3519 443 3574 constare,
466 3516 606 3564 constare
625 3517 731 3563 eontra
752 3506 788 3563 de
802 3505 934 3578 Quirinii
954 3504 1115 3563 confitetur
1135 3515 1176 3582 (p.
1195 3507 1250 3564 108
1263 3518 1292 3563 ot
1306 3525 1333 3582 p.
1350 3507 1427 3576 123).
1460 3509 1523 3581 Qui
1615 3543 1616 3576 3

285 3621 375 3682 quum
403 3612 529 3678 propter
555 3599 678 3658 castella
698 3599 975 3657 Homonadensium
997 3611 1166 3676 expugnata
1187 3601 1377 3677 triumphalia
1398 3621 1524 3680 quoque

284 3698 430 3756 meruisse
450 3715 467 3751 a
487 3697 594 3754 Tacito
617 3705 760 3752 narretur
780 3695 874 3768 (Anu.
897 3694 957 3762 111,
979 3693 1045 3766 48),
1077 3695 1152 3753 nibil
1178 3707 1259 3754 certe
1283 3696 1425 3772 impedit,
1461 3718 1522 3776 quo

284 3795 383 3850 miuus
411 3791 588 3848 sententiam
616 3788 828 3848 Sauclemcutii
855 3789 1047 3865 adoptemus;
1075 3790 1155 3866 quod
1183 3793 1263 3847 euim
1283 3791 1318 3848 Z.
1342 3793 1371 3847 iu
1392 3793 1521 3868 expedi-

284 3885 416 3944 tionibus
437 3886 495 3943 illis
515 3886 588 3942 duas
607 3895 707 3942 tantas
726 3885 870 3942 victorias
890 3885 1036 3942 accidisse
1056 3894 1163 3961 negat,
1192 3885 1270 3942 unde
1290 3885 1425 3961 duplices
1445 3906 1521 3963 snp-

283 3983 462 4058 pliostioues
481 3981 731 4051 drcernerantur,
752 3979 784 4038 id
804 3979 908 4038 eodem
927 3981 993 4038 iure
1011 3980 1120 4058 aliquis
1137 3999 1246 4056 negare
1260 3990 1349 4058 etque
1363 3977 1518 4040 affirmare
1615 4011 1616 4018 ι

284 4079 426 4154 potuerit.

208 4178 273 4254 ς7.
302 4173 340 4232 ad
360 4193 391 4230 ιι.
414 4172 505 4232 5395ι
528 4169 696 4228 Rubellium
719 4166 865 4226 Blandum
885 4180 955 4227 ante
974 4187 1087 4228 anuum
1107 4168 1164 4228 trs
1182 4169 1280 4228 fasces
1297 4188 1360 4230 non
1373 4171 1514 4248 gessisse,

283 4270 369 4328 iestis
389 4264 562 4326 Antiatibus
591 4281 671 4321 nuuc
697 4271 781 4338 petet
806 4272 850 4331 (ιι.
874 4263 972 4331 stet).
1013 4263 1112 4336 Quum
1136 4283 1211 4322 vero
1236 4267 1315 4322 iuter
1340 4265 1514 4324 consulares

283 4383 363 4423 auno
383 4361 439 4420 774
460 4381 476 4418 a
497 4361 603 4418 Tacito
623 4359 795 4416 nominetur
814 4359 908 4426 (Anu.
930 4358 988 4426 III,
1010 4359 1077 4428 51),
1106 4377 1186 4417 anuo
1207 4370 1305 4418 autem
1324 4359 1381 4418 m
1399 4359 1435 4418 P.
1456 4355 1514 4416 Pe-

282 4461 400 4518 trouius
420 4454 516 4514 Balbo
536 4451 678 4512 suffectus
699 4470 766 4509 cum
786 4450 890 4510 Silano
910 4453 1015 4510 consul
1034 4454 1142 4522 fuecit,
1168 4451 1306 4512 Rubellio
1326 4473 1379 4512 ses
1399 4465 1511 4512 tautum

283 4569 401 4612 menses
420 4552 605 4626 posteriores
625 4548 698 4604 anni
717 4549 773 4606 773
793 4557 919 4618 restant,
940 4545 1048 4624 quibus
1068 4567 1137 4606 cnm
1149 4549 1251 4608 Annio
1265 4548 1402 4608 Pollione
1415 4549 1510 4606 iasccs

283 4651 378 4726 gessit
397 4655 447 4715 (ex
466 4645 575 4703 litteris
595 4663 612 4700 a
632 4640 797 4719 Borghesio
817 4644 940 4712 missis).

360 4742 397 4799 ad
417 4759 448 4800 u.
470 4741 561 4798 5³98:
590 4753 688 4814 nuper
711 4755 742 4794 r.
763 4737 801 4796 cl.
823 4737 938 4795 Canina
964 4737 1001 4796 ad
1026 4738 1170 4815 templum
1188 4737 1340 4798 Fortunae
1359 4736 1508 4798 muliebris

285 4840 437 4913 pertinere
456 4836 575 4894 titulum
596 4834 755 4912 proposuit
773 4834 866 4903 (Anu.
887 4833 961 4893 lust.
983 4829 1077 4894 Areb.
1098 4832 1188 4907 1854,
1209 4853 1241 4911 p.
1260 4833 1298 4894 59
1317 4841 1426 4913 sequ).
