3288 5424
260 324 296 380 22
655 321 694 380 C.
722 330 749 382 t.
790 317 1094 378 unoousrmca.

248 471 362 531 *babile
378 483 439 539 est.
461 491 552 550 quum
564 473 657 530 lentis
678 473 825 531 salutiferi
844 475 999 549 antiquom
1021 472 1242 528 instauraretur
1259 465 1497 545 receptaculum,

261 571 293 626 in
314 571 379 644 ipsu
399 587 476 646 aqua
497 579 615 644 praeter
635 587 775 645 maguam
794 565 903 624 molem
920 567 999 623 aeris
1014 565 1096 623 rudis
1112 565 1193 642 quod
1207 563 1320 632 dicunt,
1342 579 1501 620 nummos-

262 677 319 740 que
339 662 503 738 permultos
524 681 650 731 aeneos,
673 663 746 720 alios
765 662 885 739 quidem
905 662 988 718 fusos
1003 663 1070 718 aevi
1084 660 1296 737 antiquissimi,
1318 657 1393 716 alios
1406 676 1501 715 cnaos

259 757 298 815 ad
318 767 453 832 tempore
474 757 642 832 posteriora
662 757 773 814 liberae
793 759 837 814 rei
857 753 995 832 publicae
1009 767 1039 813 et
1056 759 1271 831 imperatorum
1286 741 1412 809 aetutem
1427 771 1503 828 pcr-

260 851 407 920 tinentes,
428 869 500 909 uasa
520 853 663 909 nonnulla
685 871 770 908 aerea
792 862 822 908 et
841 860 982 925 argentea
1003 861 1123 926 reperta
1145 858 1236 917 sunt,
1261 864 1389 924 quorum
1409 847 1500 922 plura

260 946 412 1022 Apollini,
433 945 594 1022 Nympbis,
617 946 743 1004 Silvano
764 946 862 1004 dicata
883 957 971 1001 erant
984 945 1037 1012 (of.
1054 963 1107 1002 nn.
1123 947 1205 1000 5701.
1220 944 1330 1011 ilbi),
1351 941 1409 998 tria
1422 959 1499 998 vero

259 1051 402 1117 argentea
421 1043 452 1097 in
472 1042 601 1100 formam
620 1042 740 1099 miliarii
760 1039 883 1097 redacta
898 1040 1054 1096 itineraria
1072 1057 1089 1096 a
1104 1036 1237 1096 Gadibus
1254 1037 1378 1094 Romanu
1402 1053 1500 1110 osque

258 1136 405 1211 iuscripta
436 1133 588 1193 exhibent.
635 1135 718 1209 Quae
749 1153 839 1210 quum
869 1133 998 1192 diversis
1027 1131 1213 1210 temporibus
1242 1143 1388 1207 concepta
1417 1129 1500 1188 baud

259 1231 364 1306 paucis
393 1240 423 1287 et
449 1233 580 1287 numeris
608 1242 636 1287 et
657 1231 846 1287 mansionum
868 1229 1039 1286 nominibus
1060 1231 1138 1286 inter
1158 1246 1191 1284 se
1211 1225 1371 1295 differant,
1400 1227 1442 1282 ita
1461 1243 1501 1282 ea

261 1325 311 1382 bie
336 1324 534 1400 proponenda
554 1343 620 1380 esse
641 1327 762 1392 censui,
792 1334 825 1380 ut
847 1323 1003 1381 commode
1023 1324 1102 1381 inter
1122 1340 1153 1379 ae
1174 1323 1347 1398 comparari
1365 1320 1496 1397 possint.

261 1417 377 1476 Collato
398 1429 497 1476 autem
518 1437 585 1476 com
605 1421 641 1476 iis
662 1421 818 1476 itinerario
832 1419 997 1487 Antonini,
1020 1418 1067 1487 id,
1090 1417 1170 1494 quod
1189 1417 1280 1473 tertio
1295 1414 1361 1474 loco
1381 1432 1499 1490 propo·

260 1531 383 1580 nemus,
413 1531 482 1570 cum
506 1513 563 1570 boc
589 1516 683 1590 magis
711 1515 820 1570 ecteris
840 1515 1015 1588 conspirare
1037 1523 1134 1588 patet,
1158 1497 1240 1588 'illud
1260 1521 1384 1576 contra,
1416 1508 1499 1586 qnod

259 1609 357 1684 primo
378 1607 445 1664 loco
465 1607 584 1684 legitur,
606 1607 684 1665 baud
705 1626 817 1685 paucus
845 1611 1016 1665 mansiones
1037 1603 1193 1674 exhibere,
1216 1607 1343 1681 quaein
1363 1603 1500 1661 Antoni·

259 1705 351 1760 niano
377 1702 436 1758 iam
464 1721 524 1758 non
544 1705 748 1778 reperiuntur.
789 1703 982 1760 itinerarium
1002 1702 1129 1777 denique
1150 1699 1282 1762 secundo
1302 1698 1370 1755 loco
1390 1697 1500 1774 prola-

259 1806 322 1854 tam
342 1794 477 1871 pluribus
499 1797 616 1872 quidem
637 1808 667 1854 et
687 1800 819 1854 numeris
840 1809 870 1854 et
889 1794 1061 1855 nominibus
1076 1815 1144 1854 cnm
1160 1795 1251 1852 tertio
1266 1793 1421 1859 convenit,
1442 1791 1500 1850 sed

259 1890 421 1968 nonnullae
450 1891 623 1948 mansiones
652 1891 683 1947 in
710 1895 808 1966 primo
835 1889 940 1948 obviae
964 1893 994 1948 in
1015 1910 1050 1949 eo
1071 1909 1190 1969 quoque
1211 1897 1347 1956 exstant,
1375 1887 1444 1943 licet
1464 1887 1499 1944 in

259 1987 349 2044 tertio
370 1985 590 2043 desiderentur.
623 1985 706 2058 Quae
726 2005 818 2062 quum
838 1987 877 2043 ita
892 1988 969 2053 sint,
992 1986 1078 2043 facile
1093 1995 1231 2061 apparet,
1254 1983 1500 2060 antiquissimum

259 2091 342 2138 certe
363 2097 430 2135 esse
450 2080 639 2137 itinerarium
660 2083 807 2155 primum,
835 2083 1031 2139 novissimum
1049 2082 1189 2148 tertium,
1211 2077 1375 2136 secundnm
1397 2086 1499 2134 antem

260 2184 329 2232 aute
349 2175 472 2232 tertium
491 2185 521 2232 et
541 2186 609 2249 post
628 2179 759 2251 primum
779 2187 935 2234 exaratum
955 2193 1031 2234 esse.
1055 2205 1088 2220 -
1111 2174 1196 2248 Quae
1215 2177 1297 2231 varie
1318 2175 1348 2230 iu
1368 2172 1497 2246 singulis

257 2270 413 2346 leguntur,
441 2270 482 2325 itu
503 2269 678 2346 explicanda
701 2282 786 2338 suut,
819 2283 852 2328 ut
871 2272 902 2328 iu
923 2271 1112 2328 commodum
1132 2269 1390 2347 peregrinantium
1408 2284 1498 2323 man-

258 2366 377 2422 sionum
396 2382 551 2424 numerum
572 2364 727 2440 paullatim
748 2379 885 2436 auctum„
908 2370 964 2424 viis
984 2386 1039 2443 per
1058 2367 1194 2442 planiora
1211 2365 1335 2422 directis
1354 2361 1497 2419 substru-

258 2459 353 2517 emas
371 2457 556 2536 rupibusque
576 2462 706 2526 excisis,
728 2461 865 2520 locorum
886 2461 1058 2520 distantiam
1072 2462 1121 2518 bic
1140 2458 1328 2528 breviorem,
1351 2456 1413 2519 illio
1426 2457 1497 2518 lou-

257 2555 373 2632 giorem
397 2553 544 2611 redditam
572 2574 638 2613 esse
665 2556 809 2630 dicamus.
857 2555 1043 2632 Quamquam
1069 2557 1101 2612 in
1128 2556 1284 2612 itinerario
1313 2551 1494 2629 praesertim

257 2649 405 2716 secondo,
427 2667 502 2725 quae
521 2670 537 2704 a
557 2652 660 2724 priore
676 2663 704 2708 et
723 2653 1000 2727 posterioremque
1021 2648 1139 2708 diversa
1160 2659 1242 2720 sont,
1265 2649 1428 2723 sculptoris
1442 2665 1496 2704 er-

258 2744 323 2800 rori
343 2740 501 2800 tribuenda
521 2762 586 2800 esse
607 2755 691 2820 poto.
715 2776 748 2788 -
769 2744 894 2813 Mirum,
916 2743 1131 2822 quod'uumma
1153 2761 1347 2802 numerorum
1361 2742 1495 2800 omnium

258 2839 289 2894 in
314 2833 374 2894 fine
403 2838 635 2913 inscriptionum
661 2841 818 2916 proposita
846 2839 949 2896 eadem
969 2842 999 2896 iu
1022 2840 1118 2916 primo
1140 2847 1169 2893 et
1189 2839 1279 2896 tertio
1299 2849 1495 2896 monumento

258 2941 320 2998 est,
348 2933 482 3008 quamvis
509 2933 620 3008 singuli
649 2936 766 2991 numeri
787 2952 1002 3010 nonuunquam
1024 2935 1103 2990 inter
1121 2952 1153 2990 se
1174 2931 1326 2992 differant.
1362 2932 1446 3005 Quos
1467 2935 1495 2990 ai

258 3037 398 3082 accurate
418 3028 650 3101 computaveris,
674 3049 710 3086 ne
731 3032 760 3086 io
778 3048 838 3086 uuo
853 3028 973 3106 quidem
988 3041 1179 3086 anonumeuto
1195 3048 1262 3086 cum
1276 3047 1391 3086 summa
1405 3027 1494 3105 plane

256 3122 433 3195 conspirare
453 3122 606 3189 invenies3
629 3121 657 3178 id
678 3125 756 3200 quad
778 3142 884 3199 parum
905 3126 980 3192 scio,
1004 3135 1103 3181 utrum
1125 3123 1307 3200 negligentia
1327 3109 1439 3180 lactum
1453 3126 1495 3181 sit

256 3231 377 3283 eorum,
400 3217 450 3291 qui
471 3234 611 3273 numeros
632 3217 820 3287 inciderunt,
849 3238 887 3274 an
908 3220 995 3295 quia,
1022 3219 1167 3296 neglectis
1189 3220 1243 3286 iis,
1272 3237 1347 3295 quae
1368 3226 1492 3293 postero

255 3319 391 3385 tempore
418 3311 449 3366 in
475 3309 611 3367 locorum
633 3313 800 3370 intervallis
820 3324 931 3371 mutata
954 3326 1060 3384 erent,
1091 3317 1264 3371 universam
1291 3332 1436 3370 sumtuum
1461 3316 1491 3370 io

255 3403 390 3461 miliariis
418 3403 637 3482 antiquioribus
663 3418 743 3464 recte
768 3409 897 3466 fortasse
925 3411 1112 3484 propositam
1139 3411 1170 3465 in
1200 3409 1246 3467 bis
1271 3425 1389 3487 quoque
1409 3410 1491 3466 vasis

255 3497 445 3556 retinuerint.
470 3531 498 3542 —
522 3499 740 3576 Inscriptiones
761 3505 802 3559 ita
822 3503 853 3559 in
875 3504 954 3560 vasis
975 3501 1153 3561 distributae
1175 3515 1262 3572 suut,
1284 3514 1318 3560 ut
1337 3505 1491 3582 quaternis

257 3593 288 3649 in
310 3592 444 3666 &siugulis
473 3591 632 3652 distinctae
662 3597 867 3654 columnarum
896 3596 1002 3674 figuris
1029 3597 1145 3656 tubulas
1171 3589 1335 3674 'quaternas
1356 3597 1492 3674 singulae

257 3683 404 3755 alliciant,
432 3688 535 3744 titulus
561 3707 634 3747 vero
662 3710 753 3767 supra
780 3687 911 3769 scriptus
939 3706 968 3751 et
991 3712 1174 3751 summarum
1201 3693 1343 3750 iudicatio
1364 3693 1491 3768 singolis

256 3777 392 3838 versibus
413 3799 467 3858 per
487 3791 581 3840 totum
602 3803 744 3842 vasorum
765 3788 925 3846 circuitum
944 3788 1093 3864 legantur.
1133 3789 1338 3846 Asservautor
1358 3805 1439 3844 nanc
1459 3791 1490 3844 in

256 3875 362 3933 Museo
384 3875 583 3935 Kircberiano
605 3878 731 3953 Collegii
751 3880 889 3940 Romani.
921 3881 1022 3942 Edidit
1042 3902 1138 3960 nuper
1158 3882 1192 3941 P.
1208 3882 1353 3959 losepbus
1374 3882 1492 3940 Marcbi

258 3971 289 4027 io
314 3967 432 4039 libello,
462 3972 513 4029 cul
539 3973 644 4030 titulus
671 3988 734 4033 est:
766 3977 809 4032 Lo
835 3984 908 4052 stipe
927 3980 1068 4032 tribulata
1087 3980 1142 4032 alle
1161 3979 1286 4033 deviasti
1306 3979 1377 4032 delle
1397 3981 1492 4051 Aeque

256 4067 420 4136 Apollinare·
439 4075 497 4122 cet.
527 4066 632 4136 Rama,
649 4071 751 4139 Ι1852,
773 4075 807 4138 l,
828 4092 879 4148 pp.
902 4077 938 4131 32
958 4091 1026 4129 eom
1052 4076 1067 4128 l
1097 4069 1206 4130 tabulis
1227 4073 1289 4130 aeri
1306 4072 1432 4140 incisis,
1458 4074 1491 4130 iu

258 4158 367 4238 quibus
392 4169 493 4218 tamen
523 4181 664 4222 vasorum
691 4171 708 4222 2
735 4178 763 4224 et
789 4165 914 4228 ibiuae
933 4178 1048 4226 tautum
1068 4167 1225 4227 columnae
1245 4177 1490 4242 repraesentatae

256 4265 342 4322 suut;
373 4253 404 4311 id
430 4255 511 4332 quod
535 4270 695 4335 propterea
724 4261 901 4332 dolendum,
931 4263 999 4338 quia
1024 4263 1056 4319 in
1084 4262 1219 4338 exemplo
1239 4263 1319 4337 typis
1343 4279 1490 4339 expresso

258 4347 404 4406 nonnulla
424 4350 512 4408 aliter
532 4352 688 4431 leguntur,
710 4367 799 4434 atque
820 4358 852 4414 iu
871 4355 979 4415 tabulis
995 4358 1057 4418 aeui
1077 4358 1189 4416 incisis.
1213 4356 1371 4434 Equidem,
1393 4377 1490 4435 quau·

256 4455 319 4501 tnm
339 4447 439 4520 potui,
462 4447 516 4504 bas
536 4463 656 4508 secutos
676 4469 753 4508 suna.
784 4453 977 4510 ltinernrium
997 4465 1095 4511 autem
1116 4453 1241 4512 alterum
1261 4452 1330 4511 iude
1343 4452 1381 4512 ab
1402 4454 1489 4512 initio

259 4557 353 4616 usque
380 4539 418 4598 ad
443 4546 629 4602 mansionem
657 4544 912 4616 SEXTANTIO,
944 4550 1062 4605 tertium
1083 4568 1099 4605 a
1119 4547 1315 4606 NEMAVSO
1337 4548 1489 4624 usquead

259 4631 350 4692 finem
369 4635 401 4692 in
421 4637 457 4694 iis
479 4636 667 4701 cxbibeutor.
709 4641 776 4718 lpse
798 4643 827 4700 iu
848 4641 953 4701 Museo
973 4641 1119 4703 libensno
1140 4643 1239 4702 denuo
1260 4643 1349 4714 edidi,
1370 4641 1430 4699 vol.
1445 4639 1486 4713 X,

262 4731 352 4799 1853,
373 4747 403 4806 p.
425 4733 461 4790 20
481 4749 565 4811 seqq.
