3288 5424
261 407 320 447 vm

268 549 404 635 publicis
426 547 519 611 facile
541 547 759 623 inveniantur,
782 553 989 612 monumenta
1004 552 1112 608 nostra
1127 548 1230 607 aetate
1245 547 1370 626 reporta
1384 542 1505 605 maiore

272 672 382 736 saltem
405 691 444 734 ex
468 677 557 753 parte
573 669 606 732 in
622 669 896 754 ephemeridibus,
919 668 1149 733 academiarum
1166 674 1198 730 et
1212 667 1397 730 societatum
1413 665 1505 740 actis,

271 793 378 857 multis
400 792 539 876 denique
562 791 676 856 libellis
699 792 910 875 singularibus
934 792 1077 875 dispersa
1098 791 1211 864 latent,
1238 809 1280 852 ax
1302 788 1418 873 quibua
1439 809 1506 852 non

271 917 340 979 sine
363 933 476 996 magno
499 914 607 978 labore
630 934 666 978 ao
688 914 794 977 taedio
818 913 1034 998 conquirenda
1050 919 1082 975 et
1097 913 1203 976 denuo
1219 912 1311 995 quasi
1326 909 1507 975 ellodienda

271 1043 354 1100 sunt.
385 1036 587 1120 Quapropter
599 1057 663 1099 non
680 1037 827 1120 exiguam
843 1035 1011 1099 utilitatem
1027 1035 1103 1097 artis
1119 1033 1338 1119 epigraphicac
1355 1033 1506 1096 studiosis

270 1179 320 1222 ma
343 1158 509 1221 allaturum
533 1177 603 1221 esse
625 1159 806 1242 sperabam,
829 1160 854 1222 si
876 1158 926 1222 his
948 1161 1148 1242 potissimum
1172 1155 1376 1239 colligendis,
1398 1155 1507 1239 dispo-

271 1281 406 1355 nendis,
441 1280 640 1364 explicandis
673 1301 800 1366 operam
835 1301 1011 1346 narrassem.
1066 1282 1233 1344 Praeterea
1264 1284 1390 1353 autem,
1423 1296 1507 1362 quaa

271 1410 476 1466 monumenta
505 1411 647 1467 correcta
673 1403 723 1466 rel
752 1404 868 1466 rectius
897 1404 1052 1468 illustrata
1085 1422 1155 1466 esse
1191 1400 1313 1475 inveni,
1346 1418 1384 1462 aa
1413 1398 1505 1483 quasi

269 1545 355 1597 nora
377 1535 498 1602 esseut,
526 1527 669 1609 recipere
694 1545 761 1590 non
782 1525 934 1591 dubitari.
978 1529 1089 1608 Neque
1112 1535 1218 1593 mmor
1238 1523 1438 1608 propositum
1460 1523 1507 1584 ita

270 1647 377 1722 tenui,
399 1655 620 1732 utnusquam
642 1648 682 1711 ab
697 1667 736 1712 eo
752 1647 961 1724 discederem
983 1649 1080 1712 immo
1101 1647 1225 1730 recepi,
1249 1646 1276 1710 si
1293 1644 1379 1730 qnod
1394 1663 1507 1711 monu-

271 1776 414 1836 mentum
441 1769 506 1833 vidi
534 1769 574 1834 ab
597 1769 719 1832 Orellio
742 1770 910 1844 omissum,
945 1770 1031 1854 quod
1059 1790 1127 1833 rem
1157 1768 1316 1852 quandam
1345 1766 1508 1832 declarare

271 1891 450 1967 rideretur,
483 1892 572 1954 cuius
600 1912 716 1956 norum
746 1892 962 1956 testimonium
991 1891 1067 1956 anibi
1097 1899 1181 1956 certe
1210 1892 1244 1954 in
1270 1896 1419 1974 promptu
1441 1907 1506 1953 non

273 2019 351 2078 arat.
397 2013 460 2076 Sed
483 2021 575 2078 caute
599 2035 636 2077 ea
657 2015 786 2080 licentia
808 2014 963 2080 utendum
985 2034 1056 2078 esec
1074 2011 1210 2088 credidi,
1233 2033 1274 2076 na
1289 2009 1509 2093 inscriptioni·

212 2107 214 2110 ·
272 2134 431 2202 hastatis
454 2135 538 2200 notis
560 2135 674 2200 librum
697 2136 880 2218 implerem,
906 2136 1106 2201 librariorum
1130 2153 1259 2218 quoque
1281 2132 1411 2196 utilitati
1433 2151 1509 2194 con·

273 2255 428 2332 tulturua,
461 2258 579 2342 quippe
610 2259 681 2342 qui,
715 2260 827 2322 studiis
856 2257 1064 2342 epigraphicis
1093 2275 1210 2340 paucos
1238 2255 1322 2320 inter
1350 2261 1508 2320 nostrates

273 2397 401 2464 oporam
424 2378 515 2454 darc,
538 2400 597 2444 uec
619 2381 716 2446 multa
739 2380 811 2444 libri
831 2381 978 2465 exempla
992 2379 1177 2444 vendituros
1193 2398 1227 2442 aa
1243 2397 1313 2442 esse
1328 2377 1403 2449 rati,
1427 2396 1508 2461 opus

272 2521 310 2568 ca
332 2501 521 2569 condicione
544 2503 621 2566 mibi
643 2503 862 2578 tradidissent,
890 2510 926 2568 ut
947 2522 1003 2564 eos
1033 2511 1154 2566 tantum
1184 2500 1295 2566 titulos
1320 2500 1506 2583 reciperem,

272 2623 388 2706 quibus
414 2625 552 2688 maxime
578 2643 659 2708 opus
689 2633 787 2700 esset,
820 2645 900 2691 neve
929 2624 1011 2688 ultra
1040 2631 1158 2690 certum
1187 2624 1347 2707 quendam
1375 2622 1506 2688 modum

270 2740 349 2810 lines
372 2744 444 2807 libri
466 2746 680 2810 extenderem.

357 2866 394 2930 ln
421 2866 608 2950 colligendis
637 2876 742 2932 autem
770 2867 1044 2951 inscriptionibus,
1080 2887 1161 2950 quae
1191 2875 1264 2951 post
1295 2867 1412 2932 editam
1442 2868 1507 2932 col-

270 2987 440 3057 lectionem
465 2989 656 3055 Orellianam
685 2989 865 3072 publicatae
893 2997 981 3066 sunt,
1011 2997 1043 3055 et
1063 2989 1191 3054 adiutus
1222 3009 1292 3054 sura
1323 2997 1355 3054 et
1375 2990 1507 3074 impedi-

270 3118 321 3174 tus
352 3111 480 3194 propria
515 3111 678 3196 copiarum
711 3121 837 3183 natura,
875 3131 957 3196 quae
986 3113 1105 3176 llomae
1135 3111 1211 3176 mibi
1243 3078 1370 3196 praesto
1403 3119 1506 3176 crant:

271 3251 345 3298 nam
366 3233 540 3298 alllnabant
563 3234 692 3316 quidem
708 3234 858 3298 Italorum
881 3233 998 3309 libelli,
1021 3254 1080 3298 nec
1103 3233 1251 3310 deerant,
1276 3252 1359 3318 quac
1380 3233 1414 3296 in
1429 3232 1506 3298 Ger-

273 3355 377 3421 mania
399 3355 494 3418 buius
517 3355 640 3437 generis
670 3365 874 3420 monumenta
907 3356 1025 3440 publici
1048 3356 1127 3421 iuris
1148 3356 1231 3422 lacta
1252 3363 1335 3420 sunt.
1377 3355 1419 3420 At
1440 3355 1507 3430 urr-

272 3483 457 3551 tnnnorum,
487 3477 666 3552 Gallorum,
695 3478 909 3562 Hispanorum
939 3479 1010 3544 libri
1032 3478 1097 3542 lere
1120 3491 1230 3544 omnes
1252 3479 1371 3546 Romae
1392 3477 1506 3544 frustra

272 3607 480 3682 quaeruntur.
523 3600 569 3664 Ea
592 3601 676 3664 enim
698 3599 961 3664 bibliothecarum
984 3602 1196 3666 llomauarum
1219 3600 1365 3666 condicio
1388 3609 1448 3676 cat,
1471 3609 1506 3664 ut

269 3721 494 3784 vetustioribus
517 3721 647 3805 quidem
670 3722 758 3786 libris
782 3723 900 3805 optime
923 3724 1096 3787 instructae
1119 3722 1266 3788 omnihus
1280 3742 1506 3806 paancrecen·

269 3841 402 3907 tioribus
424 3842 554 3907 omnino
577 3851 719 3918 careant,
742 3845 966 3910 commercium
989 3852 1093 3908 autem
1117 3843 1277 3910 librarium
1301 3845 1346 3910 ita
1367 3844 1505 3910 initalia

269 3965 409 4048 languet,
438 3973 487 4038 ut,
514 3965 599 4048 quod
622 3965 695 4032 olim
719 3967 758 4030 de
781 3965 937 4052 Lugduno
959 3965 1099 4042 Plinius,
1130 3965 1215 4030 idem
1238 3985 1323 4031 nunc
1346 3966 1385 4032 de
1408 3967 1504 4031 Roma

271 4087 387 4172 aliquis
410 4087 538 4152 credere
559 4089 670 4174 possit.
708 4090 785 4152 Nam
808 4089 982 4172 bibliopolas
1003 4091 1115 4152 Rornae
1136 4107 1197 4152 aaa
1218 4107 1279 4154 aare
1299 4087 1392 4152 lacila
1414 4095 1504 4171 puta·

270 4209 370 4284 veris,
391 4211 419 4274 si
434 4210 558 4274 nullum
574 4232 624 4275 me
640 4211 819 4296 repperisse
835 4211 1000 4287 didiceris,
1023 4211 1078 4295 qui
1094 4186 1334 4292 celeberrimum
1347 4209 1502 4293 alphonsi

270 4332 310 4396 da
331 4332 475 4398 Boissieu
497 4332 537 4396 de
558 4333 817 4417 inscriptionibus
839 4333 1112 4417 Lugdunensibus.
1128 4332 1244 4398 librum
1266 4331 1404 4398 cGallia
1425 4331 1502 4398 milri

268 4454 464 4518 afferendum
492 4465 642 4526 curasset.
695 4456 760 4518 lam
793 4476 868 4521 vero
896 4457 927 4520 in
959 4463 1099 4522 extrema
1129 4455 1184 4520 illa
1211 4455 1365 4520 librorum
1395 4456 1502 4539 inopia

268 4577 420 4662 singulari
442 4579 641 4644 Mommsenii
662 4578 803 4644 amicitia
824 4597 917 4661 quam
948 4578 1086 4642 maxime
1114 4577 1242 4644 adiutus
1263 4599 1350 4656 sum,
1375 4579 1501 4662 ¹quippe

269 4699 344 4786 qui,
365 4699 446 4767 dont
467 4701 585 4766 Romae
602 4718 817 4776 commorans,
840 4719 924 4784 qnae
938 4720 995 4784 per
1008 4699 1131 4766 ltaliam
1146 4701 1197 4768 rel
1213 4701 1282 4786 ipse
1296 4705 1501 4769 monumenta
