3288 5424
280 390 325 434 ms

280 546 401 616 sentat3
435 538 571 604 Orellius
604 546 715 604 contra
749 560 847 624 quum
880 541 931 606 bis
962 542 1026 606 illis
1060 543 1220 608 civitatum
1251 544 1516 626 inscriptionibus

280 661 408 725 selectis
445 663 623 726 uuiversum
650 682 715 725 rem
744 663 968 746 municipalem
996 665 1154 730 illustrare
1176 666 1319 740 studeat,
1351 668 1386 730 in
1408 667 1516 730 indice

280 803 407 868 quoque
429 785 640 867 geographico
671 785 819 848 disiectas
847 794 968 850 tantum
992 793 1023 850 et
1052 807 1177 872 sparsas
1203 789 1335 854 notitias
1365 789 1517 852 exbibere

279 907 621 989 poteram-ludices
643 927 737 991 porro
760 927 864 971 rerum
887 908 1097 992 publicarum,
1120 909 1315 984 militarium,
1339 911 1518 994 municipa-

278 1028 374 1102 lium,
397 1028 641 1092 sacerdotalium
663 1031 706 1092 ita
727 1030 866 1104 institui,
888 1037 924 1092 ut
944 1031 1089 1113 neglecto
1105 1032 1198 1096 etiem
1213 1030 1325 1095 ordine
1339 1031 1517 1098 litterarum

279 1150 311 1212 iu
335 1150 466 1214 modum
494 1151 661 1234 repertorii
690 1152 830 1233 singulas
859 1171 910 1214 res
939 1153 1152 1235 dispomren.
1195 1155 1348 1217 Notarum
1370 1173 1444 1218 vero
1466 1155 1517 1218 in·

279 1271 381 1336 dicem
405 1271 600 1336 Oreliianum
624 1275 669 1336 ita
690 1274 824 1347 retinui,
853 1281 887 1336 ut
909 1276 1113 1357 corriperem,
1143 1293 1226 1359 quae
1247 1277 1352 1339 miuus
1373 1283 1459 1340 recte
1481 1277 1517 1340 in

279 1413 317 1457 eo
348 1394 525 1478 explicatu,
559 1396 726 1470 adderem,
759 1415 842 1478 quae
873 1397 905 1458 in
935 1397 1028 1460 tertio
1058 1397 1219 1461 volumine
1251 1398 1402 1462 adiuncta
1430 1405 1516 1474 sunt,

276 1533 382 1599 neque
410 1523 515 1580 tamen
546 1517 609 1580 nisi
637 1519 671 1580 in
693 1518 866 1582 rarioribus
895 1537 1006 1581 omnes
1032 1519 1121 1582 locos
1151 1539 1365 1595 recenserem,
1397 1521 1515 1604 quibus

277 1637 411 1702 alieuius
432 1638 480 1701 rei
503 1638 621 1702 mentio
645 1647 765 1713 exstat,
787 1641 884 1702 immo
907 1649 999 1703 notas
1022 1641 1127 1706 minus
1150 1662 1236 1706 roras
1258 1643 1362 1706 allatis
1384 1642 1514 1726 quidem

278 1760 439 1823 nonnullis
461 1759 541 1824 locis
571 1760 781 1836 illustrarem,
815 1762 952 1825 maxime
979 1769 1084 1826 eutem
1116 1783 1298 1827 communes
1325 1764 1422 1827 verbo
1445 1771 1515 1828 tsn-

277 1891 345 1946 tnm
367 1879 550 1945 indicarem.

362 2003 491 2067 Librum
515 2004 559 2068 ita
580 2004 761 2068 institutum
784 2026 882 2090 quum
905 2007 1030 2070 duobus
1052 2008 1169 2070 abhinc
1191 2008 1283 2070 anuis
1306 2007 1402 2090 plene
1423 2007 1516 2072 abso·

277 2129 376 2192 lutum
399 2127 535 2190 librariis
563 2127 779 2202 tradidissem,
807 2129 919 2209 paucis
949 2135 1022 2210 post
1051 2129 1212 2192 mensibus
1242 2131 1276 2193 in
1307 2129 1410 2192 lucem
1441 2149 1515 2192 eum

276 2250 474 2333 proditurum
507 2269 578 2312 esse
602 2258 687 2314 certo
718 2252 897 2333 sperabam,
923 2251 1008 2314 baud
1032 2253 1180 2334 ignorans
1203 2250 1295 2314 valde
1317 2251 1515 2314 deminutum

276 2373 315 2435 iri
343 2370 510 2435 utilitatem
542 2373 627 2446 eius,
659 2373 685 2436 si
716 2393 779 2436 nou
805 2374 912 2438 stetim
942 2373 1061 2457 publici
1091 2373 1169 2436 iuris
1199 2370 1297 2436 lieret.
1339 2374 1381 2434 At
1405 2373 1513 2437 nendo

216 2484 218 2488 ’
277 2495 392 2578 quibus
419 2495 655 2558 difficultatibus
682 2496 833 2578 impedita
869 2505 931 2559 tam
955 2496 1040 2558 lente
1063 2496 1257 2578 procedebat
1278 2496 1512 2578 typothetarum

277 2637 392 2700 opera,
425 2625 462 2678 ut
484 2635 593 2680 meuse
616 2618 743 2679 demum
766 2619 880 2680 Martio
905 2618 985 2679 'auui
1013 2612 1097 2678 teet>
1127 2617 1238 2680 ultime
1268 2617 1511 2700 inscriptionum

275 2738 402 2824 plagula
423 2740 507 2823 typis
531 2757 682 2823 expressa
703 2747 797 2802 esset.
841 2741 922 2802 Tum
942 2738 1064 2801 indices
1086 2746 1170 2802 certe
1192 2739 1375 2821 vulgaribus
1397 2738 1511 2803 litteris

276 2861 500 2926 describendos
522 2863 610 2924 brevi
633 2862 833 2924 terminatum
855 2861 894 2922 iri
917 2869 1019 2934 ratus,
1043 2881 1140 2945 quum
1163 2861 1247 2925 baud
1271 2882 1371 2945 pauca
1388 2861 1513 2926 iuterim

276 2991 478 3048 monumenta
494 2983 661 3065 publicata,
677 2983 847 3046 nonnullos
863 3003 937 3046 vero
954 2983 1049 3046 etiem
1065 2983 1236 3066 opiniones
1251 3003 1340 3047 mens
1356 2989 1513 3048 correctas

275 3125 345 3170 esse
367 3105 614 3178 intellexissem,
648 3105 781 3167 addendo
809 3113 836 3168 et
864 3106 1042 3186 corripeudc
1070 3107 1267 3180 conscribere
1295 3105 1437 3179 institui,
1473 3125 1513 3168 ue

275 3229 371 3292 nimie
393 3227 610 3312 imperfectum
635 3249 715 3310 opus
737 3227 907 3291 lectoribus
930 3225 1117 3291 truderetur.
1157 3227 1220 3290 Sed
1238 3247 1277 3290 ue
1294 3235 1359 3290 tum
1383 3225 1512 3310 quidem

275 3352 388 3414 melius
410 3371 461 3414 reo
484 3350 655 3433 prooessit3
678 3352 773 3413 immo
797 3358 959 3432 typorum,
982 3357 1018 3412 ut
1033 3349 1173 3423 videtur,
1196 3350 1350 3432 angustiis
1365 3349 1511 3433 impediti

143 3517 147 3538 .
274 3473 395 3537 librarii
417 3473 538 3535 tardius
561 3473 673 3546 etiarn,
704 3491 799 3554 quam
821 3480 928 3544 antec,
959 3472 1048 3552 operi
1069 3471 1275 3548 insistebant,
1306 3489 1370 3554 quo
1392 3471 1510 3535 iactum

275 3605 341 3670 est,
372 3604 408 3658 ut
430 3615 469 3657 ne
495 3594 595 3657 altero
624 3592 752 3677 quidem
781 3613 865 3656 auno
894 3594 1110 3676 praeterlapso
1139 3594 1282 3657 misellus
1309 3594 1391 3656 libcr
1421 3613 1510 3658 meus

273 3718 379 3780 lucem
402 3716 543 3780 vidisset.
587 3714 622 3778 Id
646 3715 732 3798 quod
761 3715 887 3798 plenius
919 3716 972 3778 bic
1001 3723 1171 3798 propterea
1200 3717 1410 3780 enarrandum
1440 3735 1510 3780 esse

275 3839 407 3912 credidi,
429 3846 467 3900 ut
482 3839 670 3920 indigestam
686 3838 980 3920 supplementorum
998 3839 1111 3902 molem
1128 3838 1301 3902 lectoribus
1316 3855 1509 3900 excusarem.

274 3963 339 4025 lom
363 3960 448 4023 cuim
478 3960 577 4022 altera
604 3960 780 4042 appendice
810 3980 892 4044 opus
922 3969 1007 4034 erat,
1038 3979 1101 4042 qua
1132 3959 1215 4023 tituli
1244 3958 1371 4043 quidem
1399 3977 1509 4022 recent

275 4083 352 4148 editi
375 4085 624 4155 continerentur,
648 4102 770 4145 errores
793 4092 900 4150 autem
922 4083 954 4144 in
977 4083 1045 4165 ipso
1067 4082 1149 4145 libro
1173 4081 1375 4165 postmodum
1398 4080 1509 4164 depre-

274 4205 367 4268 hensi
389 4204 606 4268 indicarentur
627 4210 660 4266 et
681 4205 922 4286 corrigerentur.
959 4204 1030 4278 Qua
1050 4203 1174 4267 ratione
1196 4221 1289 4266 nemo
1311 4202 1431 4286 estqui
1446 4221 1509 4266 nou

273 4327 461 4412 perspiciat,
486 4346 582 4409 quam
603 4323 825 4390 incommodus
847 4334 879 4388 et
901 4324 1072 4407 impeditus
1095 4320 1162 4388 lieri
1185 4324 1329 4388 debuerit
1345 4344 1422 4390 usus
1437 4323 1509 4389 libri

274 4468 333 4514 sue
354 4450 452 4532 ipsius
475 4455 586 4512 natura
608 4449 672 4512 inm
693 4449 769 4511 setis
793 4467 953 4531 superque
974 4445 1177 4510 incommodi.
1221 4447 1312 4508 Hunc
1335 4452 1387 4522 ut,
1410 4455 1538 4528 quam*

274 4580 340 4635 tum
363 4571 494 4647 licebat,
517 4571 690 4636 faciliorem
712 4569 879 4634 redderem
894 4589 931 4632 ac
946 4569 1045 4651 magis
1061 4567 1264 4652 expeditum,
1286 4569 1388 4650 ipsam
1403 4567 1509 4651 potius

274 4695 483 4778 appendicem
511 4713 595 4756 anno
625 4693 734 4774 priore
762 4693 845 4776 typis
873 4693 1058 4774 impressum
1085 4690 1323 4756 rescindendum
1352 4707 1389 4754 ac
1416 4689 1507 4756 novis
